@article{fredkin1982conservative,
 abstract = {Suppose, for instance, that one desires to compute the AND function, which is not invertible  and the remaining four time slots are available for other independent computations, in a  Since one of our main concerns is more efficient physical computation, we shall suspend for a},
 author = {Fredkin, Edward and Toffoli, Tommaso},
 journal = {International Journal of theoretical physics},
 number = {3-4},
 pages = {219--253},
 pub_year = {1982},
 publisher = {Springer},
 title = {Conservative logic},
 venue = {International Journal of theoretical physics},
 volume = {21}
}



@article{clemente2012magnetic,
 abstract = {take advantage of the possibilities offered by molecular electronics in the materials processing, as well  The electron-transfer integral, calculated from the ab initio calculations, plays the key role in  to the discussion of the relevance of POMs in spintronics and quantum computing},
 author = {Clemente-Juan, Juan M and Coronado, Eugenio and Gaita-Ari{\~n}o, Alejandro},
 journal = {Chemical Society Reviews},
 number = {22},
 pages = {7464--7478},
 pub_year = {2012},
 publisher = {Royal Society of Chemistry},
 title = {Magnetic polyoxometalates: from molecular magnetism to molecular spintronics and quantum computing},
 venue = {Chemical Society …},
 volume = {41}
}



@misc{duchesneau2014computing,
 abstract = {Computing infrastructure. Download PDF  238000004364 calculation methods Methods 0 description 5; 230000003750 conditioning Effects 0 description 5; 239000004020  composite material Substances 0 description 3; 238000010168 coupling process Methods 0 description},
 author = {Duchesneau, David D},
 month = {April~22},
 note = {US Patent 8,706,914},
 pub_year = {2014},
 publisher = {Google Patents},
 title = {Computing infrastructure},
 venue = {US Patent 8,706,914}
}



@incollection{preskill1998fault,
 abstract = {codes and fault-tolerant procedures enable us to perform arbitrarily long quantum computations with arbitrarily  must prepare an appropriate state of the ancilla before the error syndrome computation begins  To compute each bit of the syndrome, we prepare the ancilla in a Shor},
 author = {Preskill, John},
 booktitle = {Introduction to quantum computation and information},
 pages = {213--269},
 pub_year = {1998},
 publisher = {World Scientific},
 title = {Fault-tolerant quantum computation},
 venue = {Introduction to quantum computation and information}
}



@book{oliveira2011nmr,
 abstract = {5.1 5.2 5.3 5.4 5.5 5.6 5.7 5.8 Numerical simulation of NMR spectra and density matrix calculation along an algorithm implementation  [4] CH Bennett, Logical reversibility of computation, IBM J  [5] R. Landauer, Irreversibility and heat generation in the computing process, IBM J},
 author = {Oliveira, Ivan and Sarthour Jr, Roberto and Bonagamba, Tito and Azevedo, Eduardo and Freitas, Jair CC},
 pub_year = {2011},
 publisher = {Elsevier},
 title = {NMR quantum information processing},
 venue = {NA}
}



@article{piccinini2010computation,
 abstract = {there is one, between a rock and a calculator, or between a calculator and a  is prima facie implausible, because many computations — such as arithmetical calculations carried out on digital computers  in the model, what numerical methods are used in the computation, and how},
 author = {Piccinini, Gualtiero},
 pub_year = {2010},
 title = {Computation in physical systems},
 venue = {NA}
}



@incollection{turing2009computing,
 abstract = {I propose to consider the question,“Can machines think?”♣ This should begin with definitions of the meaning of the terms “machine” and “think”. The definitions might be framed so as to reflect so far as possible the normal use of the words, but this attitude is},
 author = {Turing, Alan M},
 booktitle = {Parsing the turing test},
 pages = {23--65},
 pub_year = {2009},
 publisher = {Springer},
 title = {Computing machinery and intelligence},
 venue = {Parsing the turing test}
}



@book{williams2010explorations,
 abstract = {63 2.1.8 Cost of Simulating Irreversible Computations Reversibly 64 2.1.9 Ancillae in Reversible Computing  123 3.2 Computing the Unitary Matrix for a Given Quantum Circuit  207 4.1.5 Equivalence of the Models of Computation},
 author = {Williams, Colin P},
 pub_year = {2010},
 publisher = {Springer Science \& Business Media},
 title = {Explorations in quantum computing},
 venue = {NA}
}



@book{pylyshyn1988computing,
 abstract = {the temperature is too low, you have to refer to physical properties of the calculator, the physical  He referred to these as the level of the computation, the level of the algorithm, and the  Of course how the human visual system does in fact compute that function is a question whose},
 author = {Pylyshyn, Zenon W},
 pub_year = {1988},
 publisher = {University of Western Ontario, Centre for Cognitive Science London},
 title = {Computing in cognitive science},
 venue = {NA}
}



@article{piccinini2007computing,
 abstract = {This has no effect on either the proper taxonomy of digits or the mechanism's computation  mechanisms, it is thus possible to individuate computing mechanisms, the functions they compute, and their computing power, and to explain how they perform their computations},
 author = {Piccinini, Gualtiero},
 journal = {Philosophy of Science},
 number = {4},
 pages = {501--526},
 pub_year = {2007},
 publisher = {The University of Chicago Press},
 title = {Computing mechanisms},
 venue = {Philosophy of Science},
 volume = {74}
}



@book{syropoulos2008hypercomputation,
 abstract = {was synonymous with counting and reck- oning, and a computer was an expert at calculation  on the idea that a computer is capable of enumerating “things” and calculating the value  input to output—where the input is completely defined before the start of computation, and the},
 author = {Syropoulos, Apostolos},
 pub_year = {2008},
 publisher = {Springer Science \& Business Media},
 title = {Hypercomputation: computing beyond the Church-Turing barrier},
 venue = {NA}
}



@article{dodig2011significance,
 abstract = {As computers are used not only for calculation and modeling but also for interaction (in real-time  role has definitely outweighed the original role of a computer as an isolated, fast calculating machine  The Turing machine is a special case of a more general computation concept},
 author = {Dodig-Crnkovic, Gordana},
 journal = {Minds and Machines},
 number = {2},
 pages = {301--322},
 pub_year = {2011},
 publisher = {Springer},
 title = {Significance of models of computation, from Turing model to natural computation},
 venue = {Minds and Machines},
 volume = {21}
}



@incollection{turing2009computing,
 abstract = {In so far as the human computer does calculations in his head a part of the  unit is the part which carries out the various individual operations involved in a calculation  of an interdisciplinary scientist, the relations between the abstract notions of computation, different levels of},
 author = {Turing, Alan M},
 booktitle = {Parsing the turing test},
 pages = {23--65},
 pub_year = {2009},
 publisher = {Springer},
 title = {Computing machinery and intelligence},
 venue = {Parsing the turing test}
}



@article{denning1989computing,
 abstract = {They are amenable to analysis and provide means for calculating predictions of the modeled system's  Definition matrix for computing as a discipline  computational complexity theory; algorithmic time and space bounds; levels of intractability; parallel computation, lower bounds},
 author = {Denning, Peter J. and Comer, Douglas E and Gries, David and Mulder, Michael C. and Tucker, Allen and Turner, A. Joe and Young, Paul R},
 journal = {Computer},
 number = {2},
 pages = {63--70},
 pub_year = {1989},
 publisher = {IEEE},
 title = {Computing as a discipline},
 venue = {Computer},
 volume = {22}
}



@article{de2007molecular,
 abstract = {It is educational to consider the computations required inside your head to recognize  are not problematic when the biological and chemical arena of molecular computation is acknowledged  DNA-based computing, although without direct use of logic functions, has been known},
 author = {De Silva, A Prasanna and Uchiyama, Seiichi},
 journal = {Nature nanotechnology},
 number = {7},
 pages = {399--410},
 pub_year = {2007},
 publisher = {Nature Publishing Group},
 title = {Molecular logic and computing},
 venue = {Nature nanotechnology},
 volume = {2}
}



@article{koomey2010implications,
 abstract = {1975 formulation. Figure 2 shows the results in terms of the number of calculations per kWh of electricity  28-30. Lloyd, Seth. 2000. "Ultimate physical limits to computation." Nature. vol  Page 24. 22 Figure 3: Computations per kilowatt-hour over time for personal computers alone},
 author = {Koomey, Jonathan and Berard, Stephen and Sanchez, Marla and Wong, Henry},
 journal = {IEEE Annals of the History of Computing},
 number = {3},
 pages = {46--54},
 pub_year = {2010},
 publisher = {IEEE},
 title = {Implications of historical trends in the electrical efficiency of computing},
 venue = {… the History of Computing},
 volume = {33}
}



@article{chalmers1993computational,
 abstract = {even be present inside the demon's own head, if the calculations are memorized  of computational sufficiency holds because in all implementations of the appropriate computations, the causal  no basis in computational theory and unduly restricts the role that computation plays in},
 author = {Chalmers, David J},
 pub_year = {1993},
 title = {A computational foundation for the study of cognition},
 venue = {NA}
}



@article{piccinini2007computing,
 abstract = {This has no effect on either the proper taxonomy of digits or the mechanism's computation  mechanisms, it is thus possible to individuate computing mechanisms, the functions they compute, and their computing power, and to explain how they perform their computations},
 author = {Piccinini, Gualtiero},
 journal = {Philosophy of Science},
 number = {4},
 pages = {501--526},
 pub_year = {2007},
 publisher = {The University of Chicago Press},
 title = {Computing mechanisms},
 venue = {Philosophy of Science},
 volume = {74}
}



@article{shor1999polynomial,
 abstract = {the bottom half of Table 3.2, note that if we have a method to compute F −1  If the classical computation requires much less space than time, then making it reversible in this  are methods that do not use as much space, but use more time, to make computations reversible [Bennett},
 author = {Shor, Peter W},
 journal = {SIAM review},
 number = {2},
 pages = {303--332},
 pub_year = {1999},
 publisher = {SIAM},
 title = {Polynomial-time algorithms for prime factorization and discrete logarithms on a quantum computer},
 venue = {SIAM review},
 volume = {41}
}



@incollection{davis2004myth,
 abstract = {Originally used to refer to the rules for calculating with the "Ara- bic" numerals we  Both Church and Turing had in mind calculation by an abstract human being using some  journal of the American Association for the Advancement of Sci- ence, entitled "Computation beyond the},
 author = {Davis, Martin},
 booktitle = {Alan Turing: Life and legacy of a great thinker},
 pages = {195--211},
 pub_year = {2004},
 publisher = {Springer},
 title = {The myth of hypercomputation},
 venue = {Alan Turing: Life and legacy of a great thinker}
}



@book{syropoulos2008hypercomputation,
 abstract = {was synonymous with counting and reck- oning, and a computer was an expert at calculation  on the idea that a computer is capable of enumerating “things” and calculating the value  input to output—where the input is completely defined before the start of computation, and the},
 author = {Syropoulos, Apostolos},
 pub_year = {2008},
 publisher = {Springer Science \& Business Media},
 title = {Hypercomputation: computing beyond the Church-Turing barrier},
 venue = {NA}
}



@article{copeland1997broad,
 abstract = {sort that can be followed by a finite-input Turing machine, for calculating the nth  us use as the measure of the degree of fineness of the computations the maximum  Copeland/BROAD CONCEPTION OF COMPUTATION 703 conditions demanded by Pour-El (1974) renders the},
 author = {Copeland, B Jack},
 journal = {American Behavioral Scientist},
 number = {6},
 pages = {690--716},
 pub_year = {1997},
 publisher = {Sage Publications Thousand Oaks},
 title = {The broad conception of computation},
 venue = {American Behavioral Scientist},
 volume = {40}
}



@incollection{eberbach2004turing,
 abstract = {use an unbounded but only finite amo unt of time and memory; • TM computations all start  science textbooks were being written in the 1960s, Turing's contributions to theory of computation needed to  includes a map of the city which must be precise enough to compute the exact},
 author = {Eberbach, Eugene and Goldin, Dina and Wegner, Peter},
 booktitle = {Alan Turing: Life and Legacy of a Great Thinker},
 pages = {159--194},
 pub_year = {2004},
 publisher = {Springer},
 title = {Turing’s ideas and models of computation},
 venue = {Alan Turing: Life and Legacy of a Great …}
}



@article{beggs2014analogue,
 abstract = {the right way of incorporating an oracle in a system making numerical computations by sums  Turing machines are equipped with one input tape and several work tapes for performing calculations  n) that bounds the maximum size of any possible query in the computation for an},
 author = {Beggs, Edwin and Costa, Jos{\'e} F{\'e}lix and Po{\c{c}}as, Diogo and Tucker, John V},
 journal = {International Journal of Foundations of Computer Science},
 number = {04},
 pages = {373--389},
 pub_year = {2014},
 publisher = {World Scientific},
 title = {An analogue-digital Church-Turing thesis},
 venue = {… Foundations of Computer …},
 volume = {25}
}



@book{arora2009computational,
 abstract = {He has also an unlimited supply of paper on which he does his calculations  modes of physical computation, while others are mainly used to gain insights on Turing machine computations  time counter is used to keep track of the number of steps that the computation has taken},
 author = {Arora, Sanjeev and Barak, Boaz},
 pub_year = {2009},
 publisher = {Cambridge University Press},
 title = {Computational complexity: a modern approach},
 venue = {NA}
}



@article{wegner1997interaction,
 abstract = {of algorithms, the broader asser- tion that algorithms capture the intuitive notion of what computers compute is invalid  formulae programs theorem to be proved initial input rules of inference nondeterministic rules of computation proofs sequential algorithmic computations},
 author = {Wegner, Peter},
 journal = {Communications of the ACM},
 number = {5},
 pages = {80--91},
 pub_year = {1997},
 publisher = {ACM New York, NY, USA},
 title = {Why interaction is more powerful than algorithms},
 venue = {Communications of the ACM},
 volume = {40}
}



@book{konar2018artificial,
 abstract = {Systems 1.6.1 Symbolic and Numeric Computation on Common Platform 1.6.2 Non-Deterministic Computation 1.6.3 Distributed Computing 1.6.4  2 Prototype-Matching Theory 2.2.3 Feature-based Approach for Pattern Recognition 2.2.4 The Computational Approach Cognitive},
 author = {Konar, Amit},
 pub_year = {2018},
 publisher = {CRC press},
 title = {Artificial intelligence and soft computing: behavioral and cognitive modeling of the human brain},
 venue = {NA}
}



@article{fitch2014toward,
 abstract = {Fitch. Show more  Under a Creative Commons license. open access. Highlights. • Cognitive science needs quantitative models bridging between neuroscience & cognition. • Computational models should explain both similarities and differences between species. • Most aspects of},
 author = {Fitch, W Tecumseh},
 journal = {Physics of life reviews},
 number = {3},
 pages = {329--364},
 pub_year = {2014},
 publisher = {Elsevier},
 title = {Toward a computational framework for cognitive biology: unifying approaches from cognitive neuroscience and comparative cognition},
 venue = {Physics of life reviews},
 volume = {11}
}



@article{horsman2014does,
 abstract = {We can all agree that a laptop running a Matlab calculation and a server processing search  This then forms the basis for a formal framework in which we define physical computation  these to the specific system model m p to predict its evolution entails calculating the evolution},
 author = {Horsman, Clare and Stepney, Susan and Wagner, Rob C and Kendon, Viv},
 journal = {Proceedings of the Royal Society A: Mathematical, Physical and Engineering Sciences},
 number = {2169},
 pages = {20140182},
 pub_year = {2014},
 publisher = {The Royal Society Publishing},
 title = {When does a physical system compute?},
 venue = {… A: Mathematical …},
 volume = {470}
}



@article{dodig2011significance,
 abstract = {As computers are used not only for calculation and modeling but also for interaction (in real-time  role has definitely outweighed the original role of a computer as an isolated, fast calculating machine  The Turing machine is a special case of a more general computation concept},
 author = {Dodig-Crnkovic, Gordana},
 journal = {Minds and Machines},
 number = {2},
 pages = {301--322},
 pub_year = {2011},
 publisher = {Springer},
 title = {Significance of models of computation, from Turing model to natural computation},
 venue = {Minds and Machines},
 volume = {21}
}



@article{zauner2005molecular,
 abstract = {Before computers took over routine calculations the methodology for performing these was based on  In application areas that do not resemble the calculation of tables, present-day computers  is an important step toward broadening the material basis of computation to include},
 author = {Zauner, Klaus-Peter},
 journal = {Critical reviews in solid state and materials sciences},
 number = {1},
 pages = {33--69},
 pub_year = {2005},
 publisher = {Taylor \& Francis},
 title = {Molecular information technology},
 venue = {Critical reviews in solid state and materials sciences},
 volume = {30}
}



@book{hey2014computing,
 abstract = {Feynman in his Lectures on Computation makes an analogy with geology and the 1  was used to calculate the basic trajectory of the shell before the calculation was handed  weather prediction model he soon realized that without some sort of automatic calculating machine this},
 author = {Hey, Anthony JG and Hey, Tony and P{\'a}pay, Gyuri},
 pub_year = {2014},
 publisher = {Cambridge University Press},
 title = {The computing universe: a journey through a revolution},
 venue = {NA}
}



@article{netravali1997impact,
 abstract = {of computing and communications systems by applying innovative software, hardware, and architectural  This machine, called the Electronic Numerical Integrator and Calculator (ENIAC), was used for  will not be the limiting factor for the current computing and communications},
 author = {Netravali, Arun N},
 journal = {Bell Labs technical journal},
 number = {4},
 pages = {126--154},
 pub_year = {1997},
 publisher = {Wiley Online Library},
 title = {The impact of solid-state electronics on computing and communications},
 venue = {Bell Labs technical journal},
 volume = {2}
}



@phdthesis{care2008analogy,
 abstract = {Firstly there is a distinction to be made between computation by modelling, and calculating by the formal manipulation of tokens and symbols  analyser. Thus, modelling and calculation should be explored together, an approach taken in Chapter 2},
 author = {Care, Charles},
 pub_year = {2008},
 school = {University of Warwick},
 title = {From analogy-making to modelling: the history of analog computing as a modelling technology},
 venue = {NA}
}



@misc{steele1962difunction,
 abstract = {G—PHYSICS; G06—COMPUTING; CALCULATING; COUNTING; G06F—ELECTRIC DIGITAL DATA PROCESSING; G06F7/00  G06F7/60—Methods or arrangements for performing computations using a digital non  signal train is virtually value-less for further computation, since},
 author = {Steele, Floyd G},
 month = {February~27},
 note = {US Patent 3,022,949},
 pub_year = {1962},
 publisher = {Google Patents},
 title = {Difunction computing elements},
 venue = {US Patent 3,022,949}
}



@article{ernst2020existing,
 abstract = {I am signed in as  Existing in Discrete States: On the Techno-Aesthetics of Algorithmic Being-in-Time. Wolfgang Ernst. Theory, Culture & Society 0 10.1177  The e-mail addresses that you supply to use this service will not be used for any other purpose without your consent},
 author = {Ernst, Wolfgang},
 journal = {Theory, Culture \& Society},
 pages = {0263276420966396},
 pub_year = {2020},
 publisher = {SAGE Publications Sage UK: London, England},
 title = {Existing in Discrete States: On the Techno-Aesthetics of Algorithmic Being-in-Time},
 venue = {Theory, Culture & Society}
}



@article{maass2002real,
 abstract = {time to output functions of time that a behaving organism might need to compute  task, partially evolved or even rather arbitrary “found” computational modules for purposeful computations  to test the applicability of this conceptual framework to model- ing computation in neural},
 author = {Maass, Wolfgang and Natschl{\"a}ger, Thomas and Markram, Henry},
 journal = {Neural computation},
 number = {11},
 pages = {2531--2560},
 pub_year = {2002},
 publisher = {MIT Press},
 title = {Real-time computing without stable states: A new framework for neural computation based on perturbations},
 venue = {Neural computation},
 volume = {14}
}



@article{dennis1966programming,
 abstract = {execute i/o function i; where i is the index number of an i/o function capability in the C-list of the computation  Particular stress has recently been placed on ability to specify computations that may compute in parallel with input/output operations},
 author = {Dennis, Jack B and Van Horn, Earl C},
 journal = {Communications of the ACM},
 number = {3},
 pages = {143--155},
 pub_year = {1966},
 publisher = {ACM New York, NY, USA},
 title = {Programming semantics for multiprogrammed computations},
 venue = {Communications of the ACM},
 volume = {9}
}



@inproceedings{holzer2012secure,
 abstract = {compilers; furthermore, these computations are typically not time critical, since they need to be done only  In a nutshell, the framework allows to test Secure Two-Party Computation in a realistic  To this end, both parties are given the functionality to be computed (ie, the compiled},
 author = {Holzer, Andreas and Franz, Martin and Katzenbeisser, Stefan and Veith, Helmut},
 booktitle = {Proceedings of the 2012 ACM conference on Computer and communications security},
 pages = {772--783},
 pub_year = {2012},
 title = {Secure two-party computations in ANSI C},
 venue = {… conference on Computer …}
}



@phdthesis{mansinghka2009natively,
 abstract = {(Bottom right) The solution found by simulation where prob- abilities were truncated after calculation but before sampling to 8 bits (which we  the most extreme version of the view that deduction and deterministic computation are one and the 25  Instead, I have to compute a},
 author = {Mansinghka, Vikash Kumar},
 pub_year = {2009},
 school = {Massachusetts Institute of Technology, Department of Brain and Cognitive~…},
 title = {Natively probabilistic computation},
 venue = {NA}
}



@article{bagnara2009applications,
 abstract = {Section 3 demonstrates the use of polyhedral computations in the specification of a linear invariant  The semantics of a hardware or software system is a mathematical description of all its  ensuring that each iteration F i(⊥) in the concrete fixpoint computation is approximated by},
 author = {Bagnara, Roberto and Hill, Patricia M and Zaffanella, Enea},
 journal = {Theoretical Computer Science},
 number = {46},
 pages = {4672--4691},
 pub_year = {2009},
 publisher = {Elsevier},
 title = {Applications of polyhedral computations to the analysis and verification of hardware and software systems},
 venue = {Theoretical Computer Science},
 volume = {410}
}



@article{di2018perspective,
 abstract = {Without knowing, they compute their trajectory in a very complex environment, in fact, in the presence of  If we look back at the example of the trajectories computed by the planets, we can definitely  Rather, it is the ability to read/write the output/input of the computation with finite},
 author = {Di Ventra, Massimiliano and Traversa, Fabio L},
 journal = {Journal of Applied Physics},
 number = {18},
 pages = {180901},
 pub_year = {2018},
 publisher = {AIP Publishing LLC},
 title = {Perspective: Memcomputing: Leveraging memory and physics to compute efficiently},
 venue = {Journal of Applied Physics},
 volume = {123}
}



@article{fox2009above,
 abstract = {analytics can use the ”cost associativity” of cloud computing to finish computations faster: using  The right-hand side performs the same calculation for a fixed-capacity datacenter by  in MegaStore (outside Python code) • Automatic scaling up and down of computation and storage},
 author = {Fox, Armando and Griffith, Rean and Joseph, Anthony and Katz, Randy and Konwinski, Andrew and Lee, Gunho and Patterson, David and Rabkin, Ariel and Stoica, Ion and others},
 journal = {Dept. Electrical Eng. and Comput. Sciences, University of California, Berkeley, Rep. UCB/EECS},
 number = {13},
 pages = {2009},
 pub_year = {2009},
 title = {Above the clouds: A berkeley view of cloud computing},
 venue = {Dept. Electrical Eng …},
 volume = {28}
}



@inproceedings{foster2008cloud,
 abstract = {efficiently; 2) configurability, as the resource requirements for various applications could differ significantly, some require large storage, some compute, in order to  While such “loosely coupled” computations can involve large amounts of computation and communication},
 author = {Foster, Ian and Zhao, Yong and Raicu, Ioan and Lu, Shiyong},
 booktitle = {2008 grid computing environments workshop},
 organization = {Ieee},
 pages = {1--10},
 pub_year = {2008},
 title = {Cloud computing and grid computing 360-degree compared},
 venue = {2008 grid computing …}
}



@article{marston2011cloud,
 abstract = {outages or even data loss that could result from reasons as varied as hardware and/or  However, cloud computing service providers are rapidly adopting measures to handle this issue  a business to connect its existing infrastructure to a set of isolated AWS compute resources via},
 author = {Marston, Sean and Li, Zhi and Bandyopadhyay, Subhajyoti and Zhang, Juheng and Ghalsasi, Anand},
 journal = {Decision support systems},
 number = {1},
 pages = {176--189},
 pub_year = {2011},
 publisher = {Elsevier},
 title = {Cloud computing—The business perspective},
 venue = {Decision support …},
 volume = {51}
}



@article{zissis2012addressing,
 abstract = {via fast data communication links, with the aim of supporting complex calculations and data  cloud computing achieves high utilization by allowing one server to compute several tasks  Cryptographic Separation in which processes, computations and data are concealed in such a},
 author = {Zissis, Dimitrios and Lekkas, Dimitrios},
 journal = {Future Generation computer systems},
 number = {3},
 pages = {583--592},
 pub_year = {2012},
 publisher = {Elsevier},
 title = {Addressing cloud computing security issues},
 venue = {Future Generation computer systems},
 volume = {28}
}



@article{baliga2010green,
 abstract = {A key factor in the calculation of energy consumption of switching and data centers is  The power consumption data for each server was obtained by first calculating the maximum  gains from sleeping, virtualization, and consolidation, in our analysis, the computation servers and},
 author = {Baliga, Jayant and Ayre, Robert WA and Hinton, Kerry and Tucker, Rodney S},
 journal = {Proceedings of the IEEE},
 number = {1},
 pages = {149--167},
 pub_year = {2010},
 publisher = {IEEE},
 title = {Green cloud computing: Balancing energy in processing, storage, and transport},
 venue = {Proceedings of the …},
 volume = {99}
}



@incollection{beloglazov2011taxonomy,
 abstract = {cost [3]. The problem is even worse for large-scale compute infrastructures, such  The recently emerged Cloud computing paradigm [22] leverages virtualization technology and provides  Organizations can outsource their computation needs to the Cloud, thereby eliminating the},
 author = {Beloglazov, Anton and Buyya, Rajkumar and Lee, Young Choon and Zomaya, Albert},
 booktitle = {Advances in computers},
 pages = {47--111},
 pub_year = {2011},
 publisher = {Elsevier},
 title = {A taxonomy and survey of energy-efficient data centers and cloud computing systems},
 venue = {Advances in computers},
 volume = {82}
}



@book{hwang2016advanced,
 abstract = {years, beyond the original uniprocessor systems based on the von Neumann model  chapters lay the necessary foundations for readers to study hardware and software  Science (CS), Computer Engineering (CE), Electrical Engineering (EE), or Computational Science programs},
 author = {Hwang, Kai and Jotwani, Naresh},
 pub_year = {2016},
 publisher = {McGraw-Hill Education},
 title = {Advanced computer architecture, 3e},
 venue = {NA}
}



@book{kalay2004architecture,
 abstract = {from the beginning that this application of digital storage and computation capabilities had many  were purely technical: it was easier and faster to send digital design information  purporting to support designers, and explores the potential of emerging computational techniques to},
 author = {Kalay, Yehuda E},
 pub_year = {2004},
 publisher = {MIT press},
 title = {Architecture's new media: Principles, theories, and methods of computer-aided design},
 venue = {NA}
}



@article{sawchuk1984digital,
 abstract = {We can think of a general computation as an operation, B, applied to a set of input  Choose three moduli as 5, 7, and 9. Their product is 315, thus the calculations are unique only  All numerical computations are performed by residue arithmetic using the bases 31, 29, 23, and 19},
 author = {Sawchuk, Alexander A and Strand, Timothy C},
 journal = {Proceedings of the IEEE},
 number = {7},
 pages = {758--779},
 pub_year = {1984},
 publisher = {IEEE},
 title = {Digital optical computing},
 venue = {Proceedings of the IEEE},
 volume = {72}
}



@article{jeong2016memristors,
 abstract = {provide a certain useful insight on the futuristic development of general hardware configuration of a  words, if a certain level of “error” is allowed, the calculation efficiency must  is composed of several sub‐sections that describe generalities of neuromorphic computation based on},
 author = {Jeong, Doo Seok and Kim, Kyung Min and Kim, Sungho and Choi, Byung Joon and Hwang, Cheol Seong},
 journal = {Advanced Electronic Materials},
 number = {9},
 pages = {1600090},
 pub_year = {2016},
 publisher = {Wiley Online Library},
 title = {Memristors for energy-efficient new computing paradigms},
 venue = {Advanced Electronic …},
 volume = {2}
}



@book{mange1998bio,
 abstract = {An extensive introduction of evolutionary computation is given in Chapter 4. A genetic algorithm  1.2.4 Common features of current phylogenetic hardware Examining work carried out to  organ- isms.” This usually results in a completely independent fitness calculation, contrary to},
 author = {Mange, Daniel and Tomassini, Marco},
 pub_year = {1998},
 publisher = {PPUR presses polytechniques},
 title = {Bio-inspired computing machines: Towards novel computational architectures},
 venue = {NA}
}



@techreport{schuller2015neuromorphic,
 abstract = {scientific and engineering data, indicate that conventional approaches to computation will hit  identify these areas and to further understand how neuromorphic hardware might address  grain distributed structure that scales both memory (synapse) and compute (soma) elements},
 author = {Schuller, Ivan K and Stevens, Rick and Pino, Robinson and Pechan, Michael},
 institution = {USDOE Office of Science (SC)(United States)},
 pub_year = {2015},
 title = {Neuromorphic computing--from materials research to systems architecture roundtable},
 venue = {NA}
}



@incollection{turing2009computing,
 abstract = {I propose to consider the question,“Can machines think?”♣ This should begin with definitions of the meaning of the terms “machine” and “think”. The definitions might be framed so as to reflect so far as possible the normal use of the words, but this attitude is},
 author = {Turing, Alan M},
 booktitle = {Parsing the turing test},
 pages = {23--65},
 pub_year = {2009},
 publisher = {Springer},
 title = {Computing machinery and intelligence},
 venue = {Parsing the turing test}
}



@article{deutsch1985quantum,
 abstract = {reason why we are confident that the machines we call calculators do indeed compute the arithmetic functions they claim to compute is not  Its computations can be perfectly simulated by a Turing machine  In this section I present a general, fully quantum model for computation},
 author = {Deutsch, David},
 journal = {Proceedings of the Royal Society of London. A. Mathematical and Physical Sciences},
 number = {1818},
 pages = {97--117},
 pub_year = {1985},
 publisher = {The Royal Society London},
 title = {Quantum theory, the Church--Turing principle and the universal quantum computer},
 venue = {Proceedings of the Royal Society of London …},
 volume = {400}
}



@article{rothemund1995dna,
 abstract = {for which we can write a procedure, or an algorithm, can be computed by a  enzyme catalyzed operations between DNA species at equilibrium are completely reversible any computations that we  sites are used to cleave L or R sequences at various stages of the computation},
 author = {Rothemund, Paul Wilhelm Karl},
 journal = {DNA based computers},
 pages = {75--119},
 pub_year = {1995},
 title = {A dna and restriction enzyme implementation of turing machines.},
 venue = {DNA based computers},
 volume = {27}
}



@article{goldin2004turing,
 abstract = {Therefore, cannot always be computed in advance. The following is another, more practical, example of a PTM  In a similar fashion, we define the subclass of decider PTMs as those that have no divergent computations  Information and Computation 194 (2004) 101–128 111},
 author = {Goldin, Dina Q and Smolka, Scott A and Attie, Paul C and Sonderegger, Elaine L},
 journal = {Information and computation},
 number = {2},
 pages = {101--128},
 pub_year = {2004},
 publisher = {Elsevier},
 title = {Turing machines, transition systems, and interaction},
 venue = {… and computation},
 volume = {194}
}



@incollection{eberbach2004turing,
 abstract = {an unbounded but only finite amo unt of time and memory; • TM computations all start in  can easily be extended to any other class of machines that compute functions  the Universality thesis constitute fundamental yet distinct contributions to the theory of computation, which was},
 author = {Eberbach, Eugene and Goldin, Dina and Wegner, Peter},
 booktitle = {Alan Turing: Life and Legacy of a Great Thinker},
 pages = {159--194},
 pub_year = {2004},
 publisher = {Springer},
 title = {Turing’s ideas and models of computation},
 venue = {Alan Turing: Life and Legacy of a Great …}
}



@article{piccinini2007computational,
 abstract = {Nonetheless, the behaviour of the calculator is explained by the fact that it performs a  manipulation, effective computability, execution of an algorithm (or rule-following), and calculation of a  is a computation, in this case the model is computing representations of a computation},
 author = {Piccinini, Gualtiero},
 journal = {Australasian Journal of Philosophy},
 number = {1},
 pages = {93--115},
 pub_year = {2007},
 publisher = {Routledge},
 title = {Computational modelling vs. Computational explanation: Is everything a Turing Machine, and does it matter to the philosophy of mind?},
 venue = {Australasian Journal of Philosophy},
 volume = {85}
}



@book{marinescu2017cloud,
 abstract = {the cloud in some fashion, whether it is for highly-sophisticated calculations for science  Chapter 10 covers resource virtualization including performance and security isolation, hardware sup- port for  plan to use AWS services and to students enrolled in cloud computing classes},
 author = {Marinescu, Dan C},
 pub_year = {2017},
 publisher = {Morgan Kaufmann},
 title = {Cloud computing: theory and practice},
 venue = {NA}
}



@article{de2007fundamentals,
 abstract = {Natural computing is a terminology introduced to encompass three classes of methods: (1) those that take inspiration from nature for the  based on the use of computers to synthesize natural phenomena; and (3) those that employ natural materials (eg, molecules) to compute},
 author = {de Castro, Leandro Nunes},
 journal = {Physics of Life Reviews},
 number = {1},
 pages = {1--36},
 pub_year = {2007},
 publisher = {Elsevier},
 title = {Fundamentals of natural computing: an overview},
 venue = {Physics of Life Reviews},
 volume = {4}
}



@inproceedings{vitek1998seal,
 abstract = {This section outlines the main features of the Seal calculus, a distributed model of computing for large scale open networks  The computation encapsulated within a seal's boundary is not a ected by the seal's mobility  Seal: A Framework for Secure Mobile Computations Page 12},
 author = {Vitek, Jan and Castagna, Giuseppe},
 booktitle = {International Conference on Computer Languages},
 organization = {Springer},
 pages = {47--77},
 pub_year = {1998},
 title = {Seal: A framework for secure mobile computations},
 venue = {International Conference on Computer Languages}
}



@article{dodig2011significance,
 abstract = {As computers are used not only for calculation and modeling but also for interaction (in real-time  role has definitely outweighed the original role of a computer as an isolated, fast calculating machine  The Turing machine is a special case of a more general computation concept},
 author = {Dodig-Crnkovic, Gordana},
 journal = {Minds and Machines},
 number = {2},
 pages = {301--322},
 pub_year = {2011},
 publisher = {Springer},
 title = {Significance of models of computation, from Turing model to natural computation},
 venue = {Minds and Machines},
 volume = {21}
}



@book{dodig2013computing,
 abstract = {may fuel creativity, even though they act as disturbance when performing lengthy mechanical calculations  a universal machine.” Turing [10] The underlying logic of Turing's “logical calculating machine” is  Networks in Nature All the Way Down In his article: What is computation},
 author = {Dodig-Crnkovic, Gordana and Giovagnoli, Raffaela},
 pub_year = {2013},
 publisher = {Springer},
 title = {Computing nature},
 venue = {NA}
}



@article{bhattacharjee2018survey,
 abstract = {Cellular automata (CAs) are dynamical systems which exhibit complex global behavior from simple local interaction and computation. Since the inception of c.},
 author = {Bhattacharjee, Kamalika and Naskar, Nazma and Roy, Souvik and Das, Sukanta},
 journal = {Natural Computing},
 pages = {1--29},
 pub_year = {2018},
 publisher = {Springer},
 title = {A survey of cellular automata: Types, dynamics, non-uniformity and applications},
 venue = {Natural Computing}
}



@misc{milojicic2002peer,
 abstract = {process mgmt games simulation market calculation demogr  that work is not lost if earlier participants drop out of the network while they were performing a computation step  More specifically, a Grid is an infra- structure for globally sharing compute-intensive re- sources such},
 author = {Milojicic, Dejan S and Kalogeraki, Vana and Lukose, Rajan and Nagaraja, Kiran and Pruyne, Jim and Richard, Bruno and Rollins, Sami and Xu, Zhichen},
 pub_year = {2002},
 publisher = {Technical Report HPL-2002-57, HP Labs},
 title = {Peer-to-peer computing},
 venue = {NA}
}



@inproceedings{isard2009quincy,
 abstract = {demands of data locality, fairness, and starvation-freedom, and a standard solver computes the optimal  If computations are not placed close to their input data, the network can therefore  The computation for the job is executed by “worker tasks” which are individual processes},
 author = {Isard, Michael and Prabhakaran, Vijayan and Currey, Jon and Wieder, Udi and Talwar, Kunal and Goldberg, Andrew},
 booktitle = {Proceedings of the ACM SIGOPS 22nd symposium on Operating systems principles},
 pages = {261--276},
 pub_year = {2009},
 title = {Quincy: fair scheduling for distributed computing clusters},
 venue = {Proceedings of the …}
}



@article{barney2010introduction,
 abstract = {Traditionally, software has been written for serial computation  using available compute resources on a wide area network, or even the Internet when local compute resources are  Top500.org1 provides statistics on parallel computing users - the charts below are just a sample},
 author = {Barney, Blaise and others},
 journal = {Lawrence Livermore National Laboratory},
 number = {13},
 pages = {10},
 pub_year = {2010},
 title = {Introduction to parallel computing},
 venue = {Lawrence Livermore National Laboratory},
 volume = {6}
}



@incollection{lamport1990distributed,
 abstract = {microseconds, and a practical algorithm should not perform millions of extra calculations to save a  In the classical theory of computation, a problem is specified by describing the correct  But among these computations are some for which the problem specification requires the},
 author = {Lamport, Leslie and Lynch, Nancy},
 booktitle = {Formal models and semantics},
 pages = {1157--1199},
 pub_year = {1990},
 publisher = {Elsevier},
 title = {Distributed computing: Models and methods},
 venue = {Formal models and semantics}
}



@article{hussain2013survey,
 abstract = {security model, business model, programming model, virtualization, data model, and compute model to compare  The overall performance of the cluster computing system depends on the features of  systems provide a mature solution for different types of computation and data},
 author = {Hussain, Hameed and Malik, Saif Ur Rehman and Hameed, Abdul and Khan, Samee Ullah and Bickler, Gage and Min-Allah, Nasro and Qureshi, Muhammad Bilal and Zhang, Limin and Yongji, Wang and Ghani, Nasir and others},
 journal = {Parallel Computing},
 number = {11},
 pages = {709--736},
 pub_year = {2013},
 publisher = {Elsevier},
 title = {A survey on resource allocation in high performance distributed computing systems},
 venue = {Parallel Computing},
 volume = {39}
}



@inproceedings{konfrst2004parallel,
 abstract = {Applications of Evolutionary Computing EvoWorkshops: EVOIASP Talks, Kinsale, Ireland, 304-314, 2002  The Master-Slave Ar- chitecture for Evolutionary Computations Revisited  Proceedings of the Genetic and Evolutionary Computation Conference, Chicago, IL, 2:955-966},
 author = {Konfrst, Zdenek},
 booktitle = {18th International Parallel and Distributed Processing Symposium, 2004. Proceedings.},
 organization = {IEEE},
 pages = {162},
 pub_year = {2004},
 title = {Parallel genetic algorithms: Advances, computing trends, applications and perspectives},
 venue = {18th International Parallel and Distributed …}
}



@book{mange1998bio,
 abstract = {9.3 Detailed calculation of a Turing machine  An extensive introduction of evolutionary computation is given in Chapter 4. A genetic algorithm is an iterative procedure that  1.2.3 Evolvable hardware: The present If one carefully examines the work carried out to date under the},
 author = {Mange, Daniel and Tomassini, Marco},
 pub_year = {1998},
 publisher = {PPUR presses polytechniques},
 title = {Bio-inspired computing machines: Towards novel computational architectures},
 venue = {NA}
}



@article{miller2014evolution,
 abstract = {Turing showed that the calculations that could be per- formed on such a machine accord with the notion  them as carrying out computations  Analogue computation has focused on what kinds of mathematical functions can be provably computed using collections of mathematical},
 author = {Miller, Julian F and Harding, Simon L and Tufte, Gunnar},
 journal = {Evolutionary Intelligence},
 number = {1},
 pages = {49--67},
 pub_year = {2014},
 publisher = {Springer},
 title = {Evolution-in-materio: evolving computation in materials},
 venue = {Evolutionary Intelligence},
 volume = {7}
}



@article{von1988john,
 abstract = {ˈlɒjoʃ]; December 28, 1903–February 8, 1957) was a Hungarian-American mathematician, physicist, and computer scientist. He made major contributions to a number of fields, including mathematics (foundations of mathematics, functional analysis, ergodic theory},
 author = {Von Neumann, John and Oxtoby, John C},
 journal = {American Mathematical Soc},
 pub_year = {1988},
 title = {John von neumann},
 venue = {American Mathematical Soc}
}



@article{bianchini2016artificial,
 abstract = {The two kinds of interference can be seen as hardware replacement and software change  In both cases, the outcomes of evolutionary computation in attaining or not attaining (at  This goal can be achieved by means of a computational, algorithmic description of biological events},
 author = {Bianchini, Francesco},
 journal = {Biosystems},
 pages = {32--39},
 pub_year = {2016},
 publisher = {Elsevier},
 title = {Artificial intelligence and synthetic biology: a tri-temporal contribution},
 venue = {Biosystems},
 volume = {148}
}



@article{moses2020robotic,
 abstract = {Von Neumann included just such a possibility in his logical model of self-replication: The  Bootstrapping routes can lower costs and increase the availability of specialized equipment  One well-known example, suggested by the physicist Richard Feynman in 1959 (after being},
 author = {Moses, Matthew S and Chirikjian, Gregory S},
 journal = {Annual Review of Control, Robotics, and Autonomous Systems},
 pages = {1--24},
 pub_year = {2020},
 publisher = {Annual Reviews},
 title = {Robotic self-replication},
 venue = {Annual Review of Control, Robotics …},
 volume = {3}
}



@techreport{chou1998self,
 abstract = {since my rst day in the department, Ms. Gwen Kaye for lending me equipment, Ms. Jodie  It is shown that computations can be done as well as self- replication by the  replicating structures in cellular automata space, and some previously available software and hardware tools for},
 author = {Chou, Hui-Hsien},
 pub_year = {1998},
 title = {Self-replicating structures in a cellular automata space},
 venue = {NA}
}



@article{margolus1995cam,
 abstract = {Thus the unavoidable problem of ultimately making your computation fit into a uniform and  A uniform spatial calculation is divided up evenly among these modules, with each module  Figures 2 and 3 illustrate some simple “warmup” calculations done in collaboration with Yepez},
 author = {Margolus, Norman},
 journal = {arXiv preprint comp-gas/9509001},
 pub_year = {1995},
 title = {CAM-8: a computer architecture based on cellular automata},
 venue = {arXiv preprint comp-gas/9509001}
}



@article{gobron2007retina,
 abstract = {4 details the reasons for using GPU programming and how to compute each retina layer resorting  Note that most computations were dedicated to the graphical card and that in terms of pure  this figure, we can infer that on the left-hand diagram, horizontal cell computation is far},
 author = {Gobron, Stephane and Devillard, Francois and Heit, Bernard},
 journal = {Machine Vision and Applications},
 number = {6},
 pages = {331--342},
 pub_year = {2007},
 publisher = {Springer},
 title = {Retina simulation using cellular automata and GPU programming},
 venue = {Machine Vision and Applications},
 volume = {18}
}



@article{cheng2012general,
 abstract = {3(b). The additional hardware requirement is a shared file system, eg, a  The DTA computation is homogeneous, ie, the workload is almost proportional to the  this precondition, a regular partition method can guarantee load-balancing among computing processes (Scheuermann},
 author = {Cheng, Guo and Liu, Lu and Jing, Ning and Chen, Luo and Xiong, Wei},
 journal = {Computers \& geosciences},
 pages = {57--67},
 pub_year = {2012},
 publisher = {Elsevier},
 title = {General-purpose optimization methods for parallelization of digital terrain analysis based on cellular automata},
 venue = {Computers & geosciences},
 volume = {45}
}



@article{ntinas2017parallel,
 abstract = {The GPU implementation of the FCA model was written using the Compute Unified Device Architecture  models is that only a small fraction of the cells perform actual computation at each  reason, in the developed GPU-FCA the grid of threads is dynamically computed during the},
 author = {Ntinas, Vasileios G and Moutafis, Byron E and Trunfio, Giuseppe A and Sirakoulis, Georgios Ch},
 journal = {Journal of computational science},
 pages = {469--485},
 pub_year = {2017},
 publisher = {Elsevier},
 title = {Parallel fuzzy cellular automata for data-driven simulation of wildfire spreading},
 venue = {Journal of computational …},
 volume = {21}
}



@article{feng2018comparison,
 abstract = {CA model was developed in the 1990s to perform a globally-coordinated computation with local  in their local and global search capabilities, in convergence processes, in computational abilities, and  to moderate overall probabilities (P gi,t ). As such, we add up these two effects},
 author = {Feng, Yongjiu and Liu, Yan and Tong, Xiaohua},
 journal = {Computers, Environment and Urban Systems},
 pages = {138--150},
 pub_year = {2018},
 publisher = {Elsevier},
 title = {Comparison of metaheuristic cellular automata models: A case study of dynamic land use simulation in the Yangtze River Delta},
 venue = {Computers, Environment and Urban Systems},
 volume = {70}
}



@article{xia2018high,
 abstract = {Execute an SPMD-based computing procedure on local workers to compute the neighborhood sets of the sub cell  Execute an SPMD-based computing procedure on local workers to finish the neighborhood computation, transition probability calculation, and cell state},
 author = {Xia, Chang and Wang, Haijun and Zhang, Anqi and Zhang, Wenting},
 journal = {International Journal of Geographical Information Science},
 number = {2},
 pages = {399--424},
 pub_year = {2018},
 publisher = {Taylor \& Francis},
 title = {A high-performance cellular automata model for urban simulation based on vectorization and parallel computing technology},
 venue = {International Journal of …},
 volume = {32}
}



@book{toffoli1987cellular,
 abstract = {recipe—say, a small look-up table—through which at each step each cell computes its new  To compute 1013 events with such an approach would take several years  is one of the issues that was addressed by our 3Such as communication, computation, and construction; growth},
 author = {Toffoli, Tommaso and Margolus, Norman},
 pub_year = {1987},
 publisher = {MIT press},
 title = {Cellular automata machines: a new environment for modeling},
 venue = {NA}
}



@book{adamatzky2001computing,
 abstract = {processor that constructs the skeleton of a planar shape to do arithmetical calculations  of the interactions between molecules can be utilized in concurrent computations, eg in  6 Reaction–diffusion, excitation and computation idea has been successfully applied to analyses},
 author = {Adamatzky, Andrew},
 pub_year = {2001},
 publisher = {CRC Press},
 title = {Computing in nonlinear media and automata collectives},
 venue = {NA}
}



@article{bandini2001cellular,
 abstract = {require different times in different portions of the system, and the computation of mass flow  role in the diffusion of the CA approach, by providing high computing speeds at  MIMD architectures present, with respect to both the special purpose hardware and SIMD architectures, the},
 author = {Bandini, Stefania and Mauri, Giancarlo and Serra, Roberto},
 journal = {Parallel Computing},
 number = {5},
 pages = {539--553},
 pub_year = {2001},
 publisher = {Elsevier},
 title = {Cellular automata: From a theoretical parallel computational model to its application to complex systems},
 venue = {Parallel Computing},
 volume = {27}
}



@article{berto2012cellular,
 abstract = {to predict the result of the classification by simply making particle-calculations, without bothering  This latter calculation could be much more “difficult” to compute than the original problem  In other words, they model computation as Turing machines do (but, of course, with different},
 author = {Berto, Francesco and Tagliabue, Jacopo},
 pub_year = {2012},
 title = {Cellular automata},
 venue = {NA}
}



@article{yilmaz2015symbolic,
 abstract = {In the reservoir computing approach, due to rich dynamics already provided by the reservoir  grid of cells is processed in the state transitions of cellular automaton, and computation is typically  Lyapunov exponents of a cellular automaton can be computed, and they are shown to},
 author = {Yilmaz, Ozgur},
 journal = {Neural computation},
 number = {12},
 pages = {2661--2692},
 pub_year = {2015},
 publisher = {MIT Press},
 title = {Symbolic computation using cellular automata-based hyperdimensional computing},
 venue = {Neural computation},
 volume = {27}
}



@article{churbanova2019simulation,
 abstract = {According to the entrance flow value for the given direction that is set by user before the calculation, time steps on which  The code is written in C/C++ and uses the MPI library for parallel calculations  The results of computations for some standard road elements are shown in Fig},
 author = {Churbanova, NG and Chechina, AA and Trapeznikova, MA and Sokolov, PA},
 journal = {Mathematica Montisnigri},
 pages = {72--90},
 pub_year = {2019},
 title = {Simulation of traffic flows on road segments using cellular automata theory and quasigasdynamic approach},
 venue = {Mathematica …},
 volume = {46}
}



@book{hauck2010reconfigurable,
 abstract = {106 5.1.8 Other Compute Models  202 9 Stream Computations Organized for Reconfigurable Execution 203 9.1 Programming  473 Precision Analysis for Fixed-point Computation 475 23.1 Fixed-point Number System},
 author = {Hauck, Scott and DeHon, Andre},
 pub_year = {2010},
 publisher = {Elsevier},
 title = {Reconfigurable computing: the theory and practice of FPGA-based computation},
 venue = {NA}
}



@article{tanaka2019recent,
 author = {Tanaka, Gouhei and Yamane, Toshiyuki and H{\'e}roux, Jean Benoit and Nakane, Ryosho and Kanazawa, Naoki and Takeda, Seiji and Numata, Hidetoshi and Nakano, Daiju and Hirose, Akira},
 journal = {Neural Networks},
 pages = {100--123},
 pub_year = {2019},
 publisher = {Elsevier},
 title = {Recent advances in physical reservoir computing: A review},
 venue = {Neural Networks},
 volume = {115}
}



@book{czerwinski2013finite,
 abstract = {only under the provisions of the Copyright Law of the Publisher's location, in its current version, and permission  are used for that purpose and the speciﬁcation is prepared by means of HDLs (Hardware Description Languages)  All permissible functions are computed in this step},
 author = {Czerwinski, Robert and Kania, Dariusz},
 pub_year = {2013},
 publisher = {Springer Science \& Business Media},
 title = {Finite state machine logic synthesis for complex programmable logic devices},
 venue = {NA},
 volume = {231}
}



@article{tsompanas2012modeling,
 abstract = {Section 6 presents the principles of the CA hardware design and its incorporation in an FPGA  The challenge was to extract a mathematical algorithm for this natural computation  properties, allowing the collective population to be considered as a virtual computing material—a},
 author = {Tsompanas, Michail-Antisthenis I and Sirakoulis, Georgios Ch},
 journal = {Bioinspiration \& Biomimetics},
 number = {3},
 pages = {036013},
 pub_year = {2012},
 publisher = {IOP Publishing},
 title = {Modeling and hardware implementation of an amoeba-like cellular automaton},
 venue = {Bioinspiration & Biomimetics},
 volume = {7}
}



@article{monica2016cellular,
 abstract = {of CEPRA- 8L is given in figure 4. Cell states are moved through the stages of the compute-window  The machine computes 20-30 generations per second  models of massive parallelism and was proven from the very beginning as able of universal computation, a general},
 author = {Monica, DASC},
 journal = {SCIENCE AND TECHNOLOGY},
 number = {4},
 pages = {360--368},
 pub_year = {2016},
 title = {Cellular automata hardware implementations-an overview},
 venue = {SCIENCE AND TECHNOLOGY},
 volume = {19}
}



@article{wheeldon2020learning,
 abstract = {large ML problems, a software-based hyperparameter search can be computationally expensive, requiring  For inference, only the clause computation itself and include states previously calculated by  For our hardware, it is preferable for the number of possible automaton states},
 author = {Wheeldon, Adrian and Shafik, Rishad and Rahman, Tousif and Lei, Jie and Yakovlev, Alex and Granmo, Ole-Christoffer},
 journal = {Philosophical Transactions of the Royal Society A},
 number = {2182},
 pages = {20190593},
 pub_year = {2020},
 publisher = {The Royal Society Publishing},
 title = {Learning automata based energy-efficient AI hardware design for IoT applications},
 venue = {… of the Royal …},
 volume = {378}
}



@inproceedings{owens2007survey,
 abstract = {masked” with az‐value of zero so that all fluid simulation computations will be  expected to both enhance current GPGPU applications (particularly in memory address calculations) as well  As a simple example, initiating a GPGPU computation usually involves drawing a primitive},
 author = {Owens, John D and Luebke, David and Govindaraju, Naga and Harris, Mark and Kr{\"u}ger, Jens and Lefohn, Aaron E and Purcell, Timothy J},
 booktitle = {Computer graphics forum},
 number = {1},
 organization = {Wiley Online Library},
 pages = {80--113},
 pub_year = {2007},
 title = {A survey of general-purpose computation on graphics hardware},
 venue = {Computer graphics …},
 volume = {26}
}



@article{sipper1999emergence,
 abstract = {to the satisfiability problem that's similar to Adleman's method, noting that “biological computations could potentially have  highly local (that is, no single cell can directly compute the answer by  have studied it over the past decade, applying evolutionary computation techniques to},
 author = {Sipper, Moshe},
 journal = {Computer},
 number = {7},
 pages = {18--26},
 pub_year = {1999},
 publisher = {IEEE},
 title = {The emergence of cellular computing},
 venue = {Computer},
 volume = {32}
}



@article{twamley2003quantum,
 abstract = {that a quantum-cellular- automaton-based device may be far easier to develop in hardware than any  nuclear spins and show, by developing new gate pulse sequences, that universal quantum computation can be  QUANTUM-CELLULAR-AUTOMATA QUANTUM COMPUTING},
 author = {Twamley, J},
 journal = {Physical Review A},
 number = {5},
 pages = {052318},
 pub_year = {2003},
 publisher = {APS},
 title = {Quantum-cellular-automata quantum computing with endohedral fullerenes},
 venue = {Physical Review A},
 volume = {67}
}



@article{guan2010general,
 abstract = {When a regional-scope algorithm is used, such as calculating the mean elevations of  process (Section 2.2) and users have the freedom to design workload-calculation algorithms according  and will not be reallocated among the processors once the computation starts, because},
 author = {Guan, Qingfeng and Clarke, Keith C},
 journal = {International Journal of Geographical Information Science},
 number = {5},
 pages = {695--722},
 pub_year = {2010},
 publisher = {Taylor \& Francis},
 title = {A general-purpose parallel raster processing programming library test application using a geographic cellular automata model},
 venue = {International Journal of Geographical …},
 volume = {24}
}



@inproceedings{daemen1991framework,
 abstract = {The inventors of this type of functions assume that the use of the calculations that are related  The computation can be considered as a 5-step transformation of H. The calcula- tions in  One round comprises one Fc calculation and the parallel input of 32 new messagebits and can},
 author = {Daemen, Joan and Govaerts, Ren{\'e} and Vandewalle, Joos},
 booktitle = {International Conference on the Theory and Application of Cryptology},
 organization = {Springer},
 pages = {82--96},
 pub_year = {1991},
 title = {A framework for the design of one-way hash functions including cryptanalysis of Damg{\aa}rd's one-way function based on a cellular automaton},
 venue = {… on the Theory and Application of …}
}



@article{tsompanas2012modeling,
 abstract = {Section 6 presents the principles of the CA hardware design and its incorporation in an FPGA  The challenge was to extract a mathematical algorithm for this natural computation  properties, allowing the collective population to be considered as a virtual computing material—a},
 author = {Tsompanas, Michail-Antisthenis I and Sirakoulis, Georgios Ch},
 journal = {Bioinspiration \& Biomimetics},
 number = {3},
 pages = {036013},
 pub_year = {2012},
 publisher = {IOP Publishing},
 title = {Modeling and hardware implementation of an amoeba-like cellular automaton},
 venue = {Bioinspiration & Biomimetics},
 volume = {7}
}



@article{mange2004macroscopic,
 abstract = {immediate: in order to per- form the self-replication of any given computing machine , it  This particularity allows the horizontal and the vertical transformations to be computed separately, thus  been made to redesign Langton's loop in order to embed some calculation capabilities},
 author = {Mange, Daniel and Stauffer, Andre and Peparaolo, Leonardo and Tempesti, Gianluca},
 journal = {Proceedings of the IEEE},
 number = {12},
 pages = {1929--1945},
 pub_year = {2004},
 publisher = {IEEE},
 title = {A macroscopic view of self-replication},
 venue = {Proceedings of the …},
 volume = {92}
}



@incollection{cai2007instinctive,
 abstract = {This approach integrates the human's Ambient Intelligence with analytical computation to form a coherent  by fitting a quadratic surface over a square window and calculating directional derivatives  8 shows an output from the intrinsic proportion calculation based on the sample},
 author = {Cai, Yang},
 booktitle = {Artifical Intelligence for Human Computing},
 pages = {17--46},
 pub_year = {2007},
 publisher = {Springer},
 title = {Instinctive computing},
 venue = {Artifical Intelligence for Human Computing}
}



@inproceedings{teuscher2003fireflies,
 abstract = {steps do Run CA on initial configuration for T time steps Choose a cell i at random Compute fitness fi  In the ordered regime, little computation can occur  The task has been solved using a co-evolutionary genetic algorithm that performs computations in a completely local manner},
 author = {Teuscher, Christof and Capcarrere, Mathieu S},
 booktitle = {International Conference on Evolvable Systems},
 organization = {Springer},
 pages = {1--12},
 pub_year = {2003},
 title = {On fireflies, cellular systems, and evolware},
 venue = {International Conference on Evolvable …}
}



@inproceedings{csaba2015applied,
 abstract = {BioWall suffers from several important limitations, such as: poor computational speed, low  and interchangeability in the different constituting elements of the hardware system [25]  realizations [32], through wetware-based systems [33] and amorphous computing approaches [34},
 author = {Csaba, Sz{\'a}sz},
 booktitle = {2015 16th IEEE International Symposium on Computational Intelligence and Informatics (CINTI)},
 organization = {IEEE},
 pages = {171--176},
 pub_year = {2015},
 title = {Applied informatics: A paradigm shift in artificial embryonic systems development},
 venue = {… IEEE International Symposium on Computational …}
}



@techreport{vannel2007bio,
 abstract = {Although the be- ginnings of automatic calculation date from as early as the  2.2 presents the current microprocessor architectures, and the different components al- lowing computation  Schickard conceived the first calculating machine able to accomplish addition, sub- traction},
 author = {Vannel, Fabien},
 institution = {EPFL},
 pub_year = {2007},
 title = {Bio-inspired cellular machines},
 venue = {NA}
}



@article{upeguid2,
 abstract = {earity (an ANN made up of nonlinear neurons has a natural ability to compute nonlinear input  Examples are [48, 49, 17], where fitness calculation is carried out on a real circuit  approach is the existence of a single evolvable circuit and a single evolvable algorithm computation},
 author = {Upegui, Andres and Thoma, Yann and Moreno, Juan Manuel},
 pub_year = {NA},
 title = {D2. 1: BIO-INSPIRED FEATURES OF THE UBICHIP},
 venue = {NA}
}



@book{adamatzky2012collision,
 abstract = {is there: just compact patterns wandering in space, Smashing one to another and calculating  formation of a concept of particle machines – machines that perform computation by colliding  2. Adamatzky A. Computing in Nonlinear Media and Automata Collectives (In- stitute of},
 author = {Adamatzky, Andrew},
 pub_year = {2012},
 publisher = {Springer Science \& Business Media},
 title = {Collision-based computing},
 venue = {NA}
}



@article{sipper1998fifty,
 abstract = {can be embedded in such cellular space, namely, a device whose computational power is  to a computation problem, which means that no machinery beyond ordinary computation theory is  is the work of Beuchat and Haenni [6, 74], who constructed a hardware module that},
 author = {Sipper, Moshe},
 journal = {Artificial life},
 number = {3},
 pages = {237--257},
 pub_year = {1998},
 publisher = {MIT Press},
 title = {Fifty years of research on self-replication: An overview},
 venue = {Artificial life},
 volume = {4}
}



@book{liu2008modelling,
 abstract = {description of a system or complex entity, especially one designed to facilitate calculations and predictions  word, a map, a graph, or some type of computer or laboratory hardware arranged for  As models are simplified abstractions of reality, they leave some parts of reality behind},
 author = {Liu, Yan},
 pub_year = {2008},
 publisher = {CRC Press},
 title = {Modelling urban development with geographical information systems and cellular automata},
 venue = {NA}
}



@article{sayama1999new,
 abstract = {To simplify computations involved in this process, I viewed all structures that contain an open square  The size of the space was decided, in consideration of both computing speed and feasibility of  small size that did not have the universality of construc- tion/computation but were},
 author = {Sayama, Hiroki},
 journal = {Artificial Life},
 number = {4},
 pages = {343--365},
 pub_year = {1999},
 publisher = {MIT Press},
 title = {A new structurally dissolvable self-reproducing loop evolving in a simple cellular automata space},
 venue = {Artificial Life},
 volume = {5}
}



@incollection{petraglio2002arithmetic,
 abstract = {We present a possible collision-based implementation of arithmetic functions using a self-replicating cellular automaton capable of construction and computation  Realizing von Neumann's dream of a self-replicating universal computing machine in actual hardware is one},
 author = {Petraglio, Enrico and Tempesti, Gianluca and Henry, Jean-Marc},
 booktitle = {Collision-based computing},
 pages = {469--490},
 pub_year = {2002},
 publisher = {Springer},
 title = {Arithmetic operations with self-replicating loops},
 venue = {Collision-based computing}
}



@incollection{tempesti2006bio,
 abstract = {Life uses a neighborhood of 9. • A collection of transition rules, used to compute an element's  the condition that the self-replicating unit must be capable of universal construction and computation  of Figure 7.7) to contain the new daughter organism and if the calculation of the},
 author = {Tempesti, G and Mange, D and Stauffer, A and Petraglio, E},
 booktitle = {Ecological Informatics},
 pages = {125--147},
 pub_year = {2006},
 publisher = {Springer},
 title = {Bio-inspired design of computer hardware by self-replicating cellular automata},
 venue = {Ecological Informatics}
}



@book{aspray1990john,
 abstract = {broadest terms. The series encompasses all aspects of modern computing systems, hardware, and software-as well as the preliminary devel opment of data processing and the mechanization of calculation. Historically based},
 author = {Aspray, William},
 pub_year = {1990},
 publisher = {Mit Press Cambridge, MA},
 title = {John von Neumann and the origins of modern computing},
 venue = {NA},
 volume = {191}
}



@book{winograd1963reliable,
 abstract = {This calculation is complicated by the fact that input and synaptic errors may or may not produce independent effects in the  An upper bound on P may be obtained, however, by calculating the probability of network malfunction for both cases, and taking the  Computation system},
 author = {Winograd, Shmuel and Cowan, Jack D},
 pub_year = {1963},
 publisher = {Mit Press Cambridge, Mass.},
 title = {Reliable computation in the presence of noise},
 venue = {NA}
}



@inproceedings{frank2005introduction,
 abstract = {average, the same as the number of successors; but in ordinary deterministic computations, the number of  [22] Landauer, R. Irreversibility and heat generation in the computing process  [24] Likharev, KK Classical and quantum limitations on energy consumption in computation},
 author = {Frank, Michael P},
 booktitle = {Proceedings of the 2nd Conference on Computing Frontiers},
 pages = {385--390},
 pub_year = {2005},
 title = {Introduction to reversible computing: motivation, progress, and challenges},
 venue = {Proceedings of the 2nd Conference on Computing …}
}



@inproceedings{shanbhag2010stochastic,
 abstract = {As most computations are least-significant- bit (LSB) first, timing violations due to VOS  turbo decoder and the low- density parity check (LDPC) decoder, which compute soft information  This paper has described stochastic computation as an elegant SOC design philos- ophy for},
 author = {Shanbhag, Naresh R and Abdallah, Rami A and Kumar, Rakesh and Jones, Douglas L},
 booktitle = {Proceedings of the 47th Design Automation Conference},
 pages = {859--864},
 pub_year = {2010},
 title = {Stochastic computation},
 venue = {Proceedings of the 47th …}
}



@inproceedings{amir2013cognitive,
 abstract = {Authors are in the Cognitive Computing group at IBM Research - Almaden, San Jose  spike thresholds and stochastically gate synaptic and leak updates for probabilistic computation; Buffer holds  of being a compact language for matrix and vector expressions and computations},
 author = {Amir, Arnon and Datta, Pallab and Risk, William P and Cassidy, Andrew S and Kusnitz, Jeffrey A and Esser, Steve K and Andreopoulos, Alexander and Wong, Theodore M and Flickner, Myron and Alvarez-Icaza, Rodrigo and others},
 booktitle = {The 2013 International Joint Conference on Neural Networks (IJCNN)},
 organization = {IEEE},
 pages = {1--10},
 pub_year = {2013},
 title = {Cognitive computing programming paradigm: a corelet language for composing networks of neurosynaptic cores},
 venue = {The 2013 …}
}



@book{forbes2004imitation,
 abstract = {or both; and the effort to understand how biological organisms "compute", or process  Artificial neural networks -- Evolutionary algorithms -- Cellular automata -- Artificial life -- DNA computation -- Biomolecular self-assembly -- Amorphous computing -- Computer immune},
 author = {Forbes, Nancy},
 pub_year = {2004},
 publisher = {Mit Press Cambridge MA},
 title = {Imitation of life: how biology is inspiring computing},
 venue = {NA}
}



@book{siegelmann2012neural,
 abstract = {or without a process of adaptation) the networks can perform exact computations rather than  type of automata is stronger than another if the first can compute (or generate  of some types of automata and their complexity classes and discuss their relation with neural computation},
 author = {Siegelmann, Hava T},
 pub_year = {2012},
 publisher = {Springer Science \& Business Media},
 title = {Neural networks and analog computation: beyond the Turing limit},
 venue = {NA}
}



@article{schuman2017survey,
 abstract = {bottleneck [2]. Neuromorphic computers have the potential to perform complex calculations faster, more  Similarly, creating devices capable of neural network-style computations with a small footprint (in  the Hodgkin-Huxley model, but do so with much simpler computation [70]},
 author = {Schuman, Catherine D and Potok, Thomas E and Patton, Robert M and Birdwell, J Douglas and Dean, Mark E and Rose, Garrett S and Plank, James S},
 journal = {arXiv preprint arXiv:1705.06963},
 pub_year = {2017},
 title = {A survey of neuromorphic computing and neural networks in hardware},
 venue = {arXiv preprint arXiv …}
}



@article{hjelmfelt1991chemical,
 abstract = {discuss the construction of chemical networks where coupled reaction mechanisms implement "programmed" computations as theconcentrations  We present hardware for computation  correspond to a symmetric high gain case; how- ever, a few trial calculations were performed},
 author = {Hjelmfelt, Allen and Weinberger, Edward D and Ross, John},
 journal = {Proceedings of the National Academy of Sciences},
 number = {24},
 pages = {10983--10987},
 pub_year = {1991},
 publisher = {National Acad Sciences},
 title = {Chemical implementation of neural networks and Turing machines},
 venue = {Proceedings of the …},
 volume = {88}
}



@article{woods2012photonic,
 abstract = {An optical nonlinear device computes the nodes' nonlinear function  Sometimes we simply find ourselves asking the question: how does nature compute? References. 1  Moore, C. & Mertens, S. The Nature of Computation (Oxford Univ. Press, 2011). Google Scholar. 10},
 author = {Woods, Damien and Naughton, Thomas J},
 journal = {Nature Physics},
 number = {4},
 pages = {257--259},
 pub_year = {2012},
 publisher = {Nature Publishing Group},
 title = {Photonic neural networks},
 venue = {Nature Physics},
 volume = {8}
}



@article{siegelmann2003neural,
 abstract = {When the weights are considered constant, the networks can perform exact computations rather than mere  compute a class called P/poly: the letter “P” is reminiscent of computation in polynomial  (This is called nonuniform advice.) The machine can now still compute more than P},
 author = {Siegelmann, Hava T},
 journal = {Minds and Machines},
 number = {1},
 pages = {103--114},
 pub_year = {2003},
 publisher = {Springer},
 title = {Neural and super-Turing computing},
 venue = {Minds and Machines},
 volume = {13}
}



@inproceedings{younger2014development,
 abstract = {The SLM attenuates the light according to the pattern of the Matrix Elements (Wji), performing the (analog) Wji*xi computation  The chaos calculating circuitry will switch between the two maps on external command  (1). All calculations are done in single precision floating point},
 author = {Younger, A Steven and Redd, Emmett and Siegelmann, Hava},
 booktitle = {International Conference on Unconventional Computation and Natural Computation},
 organization = {Springer},
 pages = {379--391},
 pub_year = {2014},
 title = {Development of physical super-turing analog hardware},
 venue = {… on Unconventional Computation …}
}



@book{hauck2010reconfigurable,
 abstract = {106 5.1.8 Other Compute Models  202 9 Stream Computations Organized for Reconfigurable Execution 203 9.1 Programming  473 Precision Analysis for Fixed-point Computation 475 23.1 Fixed-point Number System},
 author = {Hauck, Scott and DeHon, Andre},
 pub_year = {2010},
 publisher = {Elsevier},
 title = {Reconfigurable computing: the theory and practice of FPGA-based computation},
 venue = {NA}
}



@inproceedings{che2008accelerating,
 abstract = {For example, in calculating a running sum serially, a multiply- accumulate operation loops over the data  As discussed in Section VC, FPGAs can finish bit-wise calculations in one cycle, and  not all of the data in the computational domain are involved in the parallel computation},
 author = {Che, Shuai and Li, Jie and Sheaffer, Jeremy W and Skadron, Kevin and Lach, John},
 booktitle = {2008 Symposium on Application Specific Processors},
 organization = {IEEE},
 pages = {101--107},
 pub_year = {2008},
 title = {Accelerating compute-intensive applications with GPUs and FPGAs},
 venue = {2008 Symposium on …}
}



@inproceedings{caspi2000stream,
 abstract = {Stream Computations Organized for Reconfigurable Execution (SCORE  JPEG Performance Scaling Compute Pages  Reconfigurable computation, defined simply as computation performed on a collection of FPGA or FPGA-like hardware, has shown remarkable promise on point},
 author = {Caspi, Eylon and Chu, Michael and Huang, Randy and Yeh, Joseph and Wawrzynek, John and DeHon, Andr{\'e}},
 booktitle = {International Workshop on Field Programmable Logic and Applications},
 organization = {Springer},
 pages = {605--614},
 pub_year = {2000},
 title = {Stream computations organized for reconfigurable execution (SCORE)},
 venue = {… Workshop on Field …}
}



@article{compton2000introduction,
 abstract = {The reconfigurable logic performs exactly the calculation needed  Because the logic blocks used are optimized for large computations, they will perform these operations much  The level of coupling, granularity of computation structures, and form of routing resources are all key},
 author = {Compton, Katherine and Hauck, Scott and others},
 journal = {IEEE Computer},
 pub_year = {2000},
 publisher = {Citeseer},
 title = {An introduction to reconfigurable computing},
 venue = {IEEE Computer},
 volume = {9}
}



@inproceedings{estlick2001algorithmic,
 abstract = {calculating the Euclidean distance would be sig- nificantly slower than calculating the Manhattan distance  After the sixth stage is done, the distance calculation from the pixel to each  One iteration through an image involves a distance computation between 314,368 pixels and 8},
 author = {Estlick, Mike and Leeser, Miriam and Theiler, James and Szymanski, John J},
 booktitle = {Proceedings of the 2001 ACM/SIGDA ninth international symposium on Field programmable gate arrays},
 pages = {103--110},
 pub_year = {2001},
 title = {Algorithmic transformations in the implementation of K-means clustering on reconfigurable hardware},
 venue = {… of the 2001 ACM/SIGDA …}
}



@article{windh2015high,
 abstract = {compression, edit distance calculations, heat and Laplace equations, N-body calculations, binary 2  They were designed for accelerating string-based operations and computations such as edit  Parallel computation is achieved through both task-level and data-level parallelism},
 author = {Windh, Skyler and Ma, Xiaoyin and Halstead, Robert J and Budhkar, Prerna and Luna, Zabdiel and Hussaini, Omar and Najjar, Walid A},
 journal = {Proceedings of the IEEE},
 number = {3},
 pages = {390--408},
 pub_year = {2015},
 publisher = {IEEE},
 title = {High-level language tools for reconfigurable computing},
 venue = {Proceedings of the …},
 volume = {103}
}



@book{ilachinski2001cellular,
 abstract = {This book is dedicated to my two most precious companions in life, without whose love, support and gentle encouragement it would never have seen the light of day: My beautiful wife and soul-mate  Reversible Computation  507 10.1.1 Connection Between Neural Nets and CA},
 author = {Ilachinski, Andrew},
 pub_year = {2001},
 publisher = {World Scientific Publishing Company},
 title = {Cellular automata: a discrete universe},
 venue = {NA}
}



@article{fisch1991threshold,
 abstract = {Statistics and Computing (1991) 1, 23-39  Since parallel updating of large arrays is very computation- intensive we recommend a 386 machine, but com- parable images  external circuit board to handle most of the CA logic, we have constructed a device that computes GH and},
 author = {Fisch, Robert and Gravner, Janko and Griffeath, David},
 journal = {Statistics and Computing},
 number = {1},
 pages = {23--39},
 pub_year = {1991},
 publisher = {Springer},
 title = {Threshold-range scaling of excitable cellular automata},
 venue = {Statistics and Computing},
 volume = {1}
}



@inproceedings{margolus1996large,
 abstract = {Since the computation is pipelined, the latency of the circuit implemented in the logic-array is  In this paper, we have discussed large-scale logic array computations—an area that we  in the reconfIgurable computer arena to consider large-scale logic array calculations, and what},
 author = {Margolus, Norman},
 booktitle = {High-Speed Computing, Digital Signal Processing, and Filtering Using Reconfigurable Logic},
 organization = {International Society for Optics and Photonics},
 pages = {341--352},
 pub_year = {1996},
 title = {Large-scale logic array computation},
 venue = {… -Speed Computing, Digital Signal Processing …},
 volume = {2914}
}



@article{saldana2001cellular,
 abstract = {For more efficient computation a supercomputer or a high-performance computing system would be required. The current CA models can be considered data-parallel  Multiple processes can run on a single compute node},
 author = {Saldana, Rafael P and Yu, William Emmanuel S},
 journal = {Proceedings of Cellular Automata},
 pub_year = {2001},
 title = {Cellular Automata Explorations on a Beowulf Cluster Computer},
 venue = {Proceedings of Cellular Automata}
}



@article{vlassopoulos2012large,
 abstract = {4.2 Entropy Variation It is well known that in computations, energy is dissipated when information is erased, ie  the entropy variation may differ because only transitions from 0 to 1 count in the calculation of the  Computation in Artificially Evolved, Non- uniform Cellular Automata},
 author = {Vlassopoulos, Nikolaos and Fat{\`e}s, Nazim and Berry, Hugues and Girau, Bernard},
 journal = {Journal of Cellular Automata},
 number = {1},
 pub_year = {2012},
 title = {Large-scale Simulations on FPGAs: Finding the Asymptotic Critical Threshold of the Greenberg-Hastings Cellular Automata.},
 venue = {… of Cellular Automata},
 volume = {7}
}



@article{devlin2020probabilistic,
 abstract = {Computationally, our method provides a balance between fast computation and realis- tic flow, even at  a 4k screen region can be simulated with less cells than our 640x480 calculation  change value, such as at the domain boundary, can significantly speed up the calculations},
 author = {Devlin, Jonathan and Schuster, Micah D},
 journal = {arXiv preprint arXiv:2008.06341},
 pub_year = {2020},
 title = {Probabilistic Cellular Automata for Granular Media in Video Games},
 venue = {arXiv preprint arXiv:2008.06341}
}



@article{potse2006comparison,
 abstract = {The new was then computed by evaluation of (8), and used to compute using (9). Equation (9) is a  We decided to use a level for computation of just before output (once per ms)  Other computations for V and use 8%, the membrane model takes 5%, and the remainder of the},
 author = {Potse, Mark and Dub{\'e}, Bruno and Richer, Jacques and Vinet, Alain and Gulrajani, Ramesh M},
 journal = {IEEE Transactions on Biomedical Engineering},
 number = {12},
 pages = {2425--2435},
 pub_year = {2006},
 publisher = {IEEE},
 title = {A comparison of monodomain and bidomain reaction-diffusion models for action potential propagation in the human heart},
 venue = {IEEE Transactions on …},
 volume = {53}
}



@book{adamatzky2005reaction,
 abstract = {They compute a shortest collision-free path in a bounded space with obstacles  reaction-diffusion processors, which can include inaccurate or even incor- rect computations  tion of the theoretical and experimental foundations and cutting-edge computation techniques, chemical},
 author = {Adamatzky, Andrew and Costello, Benjamin De Lacy and Asai, Tetsuya},
 pub_year = {2005},
 publisher = {Elsevier},
 title = {Reaction-diffusion computers},
 venue = {NA}
}



@inproceedings{harris2002physically,
 abstract = {implement arbitrary function operations on the values of the nodes (Figure 4). New State Computation: Once we  of neighboring texels and optionally used them for function table lookups, we need to compute the new  The result of these computations is written to the frame buffer},
 author = {Harris, Mark J and Coombe, Greg and Scheuermann, Thorsten and Lastra, Anselmo},
 booktitle = {Graphics Hardware},
 pages = {1--10},
 pub_year = {2002},
 title = {Physically-based visual simulation on graphics hardware.},
 venue = {… Hardware},
 volume = {2002}
}



@article{singer2004exploiting,
 abstract = {At present, however, even with large-scale computations, DNS of turbulent combustion are restricted to  a result, ISAT has made the use of detailed kinetic mechanisms in calculations of turbulent  Hence, ISAT uses a DI technique to compute the reaction mapping and then stores},
 author = {Singer, MA and Pope, SB},
 journal = {Combustion theory and modelling},
 number = {2},
 pages = {361--383},
 pub_year = {2004},
 publisher = {Taylor \& Francis},
 title = {Exploiting ISAT to solve the reaction-diffusion equation},
 venue = {Combustion theory and modelling},
 volume = {8}
}



@inproceedings{roberts2009long,
 abstract = {effect of the shared memory and cal- culation efficiency requirements, makes calculating the diffusion  with the apron sites (a 6% increase in shared memory usage and required calculations)  stored in global memory) of all the sites that overflowed during a diffusion calculation},
 author = {Roberts, Elijah and Stone, John E and Sep{\'u}lveda, Leonardo and Hwu, Wen-Mei W and Luthey-Schulten, Zaida},
 booktitle = {2009 IEEE International Symposium on Parallel \& Distributed Processing},
 organization = {IEEE},
 pages = {1--8},
 pub_year = {2009},
 title = {Long time-scale simulations of in vivo diffusion using GPU hardware},
 venue = {… on Parallel & …}
}



@article{scarle2009implications,
 abstract = {GPGPU techniques over running on the CPU can be found by roughly calculating the maximum  Hence to perform the required synchronization, we broke up our calculation into a set  level conclusions for cardiac systems based on the theoretical basis of computation itself rather},
 author = {Scarle, Simon},
 journal = {Computational biology and chemistry},
 number = {4},
 pages = {253--260},
 pub_year = {2009},
 publisher = {Elsevier},
 title = {Implications of the Turing completeness of reaction-diffusion models, informed by GPGPU simulations on an XBox 360: Cardiac arrhythmias, re-entry and the Halting problem},
 venue = {Computational biology and chemistry},
 volume = {33}
}



@article{sims1994evolving,
 abstract = {the simulation is stopped and the scores are evaluated early to save unnecessary computation  simula- tions of the competitions are by far the dominant computational requirement of the  One compromise between these extremes is for each individual to compete against several},
 author = {Sims, Karl},
 journal = {Artificial life},
 number = {4},
 pages = {353--372},
 pub_year = {1994},
 publisher = {MIT Press},
 title = {Evolving 3D morphology and behavior by competition},
 venue = {Artificial life},
 volume = {1}
}



@article{xu2014exponential,
 abstract = {This site uses cookies. By continuing to use this site you agree to our use of cookies. To find out more, see our Privacy and Cookies policy. Close this notification. NOTICE: Ensuring subscriber access to content on IOPscience},
 author = {Xu, X George},
 journal = {Physics in Medicine \& Biology},
 number = {18},
 pages = {R233},
 pub_year = {2014},
 publisher = {IOP Publishing},
 title = {An exponential growth of computational phantom research in radiation protection, imaging, and radiotherapy: a review of the fifty-year history},
 venue = {Physics in Medicine & Biology},
 volume = {59}
}



@article{hsieh2013mobile,
 abstract = {To conduct large scale data research, scientists and clinicians need heavy calculation with data-intensive and  the compute-intensive tasks to a cloud, which later transfers back the processed results to  The benefits include increasing computing efficiency and battery life savings},
 author = {Hsieh, Jui-Chien and Li, Ai-Hsien and Yang, Chung-Chi},
 journal = {International journal of environmental research and public health},
 number = {11},
 pages = {6131--6153},
 pub_year = {2013},
 publisher = {Multidisciplinary Digital Publishing Institute},
 title = {Mobile, cloud, and big data computing: contributions, challenges, and new directions in telecardiology},
 venue = {… journal of environmental research and public …},
 volume = {10}
}



@article{krikke2005t,
 abstract = {It was already obvious that industrial equipment like assembly line controllers and robots  TRON), a wide-area distribution system architecture based on tamper-resistant hardware  platform for embed- ded systems development, including ubiquitous computing.” China's Beijing},
 author = {Krikke, Jan},
 journal = {IEEE Pervasive Computing},
 number = {2},
 pages = {4--9},
 pub_year = {2005},
 publisher = {IEEE},
 title = {T-Engine: Japan's ubiquitous computing architecture is ready for prime time},
 venue = {IEEE Pervasive Computing},
 volume = {4}
}



@article{wittek2016finite,
 abstract = {in practice eliminates approaches that require large computa- tional power, exceedingly long calculations and spe  although they do not eliminate locking entirely.86 Nevertheless, their computation cost is  specific meshless model applied in Miller et al.76 to compute the brain},
 author = {Wittek, Adam and Grosland, Nicole M and Joldes, Grand Roman and Magnotta, Vincent and Miller, Karol},
 journal = {Annals of biomedical engineering},
 number = {1},
 pages = {3--15},
 pub_year = {2016},
 publisher = {Springer},
 title = {From finite element meshes to clouds of points: a review of methods for generation of computational biomechanics models for patient-specific applications},
 venue = {Annals of biomedical …},
 volume = {44}
}



@inproceedings{fox1996towards,
 abstract = {plets, but extending the language towards a more gen- eral purpose high performance computing requises new  high perfor- mance JavaVM extensions will typically reside at the compute-server side, whereas the results of such per- formance optimized computation will be},
 author = {Fox, Geoffrey and Furmanski, Wojtek},
 booktitle = {Proceedings of 5th IEEE International Symposium on High Performance Distributed Computing},
 organization = {IEEE},
 pages = {308--317},
 pub_year = {1996},
 title = {Towards Web/Java-based high performance distributed computing-an evolving virtual machine},
 venue = {… High Performance Distributed Computing}
}



@article{november2011early,
 abstract = {expanded to detecting sub- marines, improving production processes, and making more effective equipment  Computerized Medicine of the Future In 1962, the multimillion-dollar hardware necessary for  effort has left significant legacies in the life sciences and computing, but it},
 author = {November, Joseph A},
 journal = {IEEE Annals of the History of Computing},
 number = {2},
 pages = {9--23},
 pub_year = {2011},
 publisher = {IEEE},
 title = {Early biomedical computing and the roots of evidence-based medicine},
 venue = {IEEE Annals of the History of Computing},
 volume = {33}
}



@article{linares2011spike,
 abstract = {context of artificial machine learning algorithms (or computational neuroscience), exploiting spike-based computations (as in  The resulting function Δw(ΔT), computed using the memristor model through eq  which was shown in Figure 3A. For this numerical computation we used},
 author = {Linares-Barranco, Bernabe and Serrano-Gotarredona, Teresa and Camu{\~n}as-Mesa, Luis A and Perez-Carrasco, Jose A and Zamarre{\~n}o-Ramos, Carlos and Masquelier, Timothee},
 journal = {Frontiers in neuroscience},
 pages = {26},
 pub_year = {2011},
 publisher = {Frontiers},
 title = {On spike-timing-dependent-plasticity, memristive devices, and building a self-learning visual cortex},
 venue = {Frontiers in …},
 volume = {5}
}



@book{sheu2012neural,
 abstract = {Detection REFERENCES CELLULAR NEURAL NETWORKS 5.1 Basic Theory and Computation Paradigm 5.2  Computing architectures for the neural network models are optimized for effi- cient  in various format, ranging from custom silicon chips, to hardware-software codesign},
 author = {Sheu, Bing J and Choi, Joongho},
 pub_year = {2012},
 publisher = {Springer Science \& Business Media},
 title = {Neural information processing and VLSI},
 venue = {NA},
 volume = {304}
}



@article{chen2018neuromorphic,
 abstract = {The research of neuromorphic computing models (aka neural networks) starts in 1940s and can  function, which can be represented as a graph, was efficiently computed by recursively  In 1973, Dreyfus began to use the above gradient computation procedure to resolve discrete},
 author = {Chen, Yiran and Li, Hai Helen and Wu, Chunpeng and Song, Chang and Li, Sicheng and Min, Chuhan and Cheng, Hsin-Pai and Wen, Wei and Liu, Xiaoxiao},
 journal = {Integration},
 pages = {49--61},
 pub_year = {2018},
 publisher = {Elsevier},
 title = {Neuromorphic computing's yesterday, today, and tomorrow--an evolutional view},
 venue = {Integration},
 volume = {61}
}



@incollection{indiveri2002computation,
 abstract = {But even if this was possible, to do that amount of computation a digital chip  the most common tricks used both by biological and engineered devices for computing measurements insensitive  This hardware architecture has been designed as the central part of a multi-chip system},
 author = {Indiveri, Giacomo},
 booktitle = {Neural Nets WIRN Vietri-01},
 pages = {3--20},
 pub_year = {2002},
 publisher = {Springer},
 title = {Computation in neuromorphic analog VLSI systems},
 venue = {Neural Nets WIRN Vietri-01}
}



@inproceedings{ehsan2017modeling,
 abstract = {of neuronal membrane for a successful implementation of 3D neuromorphic computation for high  DB Strukov, “3-D Memristor Crossbars for Analog and Neuromorphic Computing Applications,” in  Hock, K. Meier, and S. Millner, “A wafer-scale neuromorphic hardware system for},
 author = {Ehsan, M Amimul and Zhou, Zhen and Yi, Yang},
 booktitle = {2017 IEEE International Symposium on Electromagnetic Compatibility \& Signal/Power Integrity (EMCSI)},
 organization = {IEEE},
 pages = {745--750},
 pub_year = {2017},
 title = {Modeling and analysis of neuronal membrane electrical activities in 3d neuromorphic computing system},
 venue = {2017 IEEE International Symposium …}
}



@inproceedings{abbas2014neuromorphic,
 abstract = {the morphology of individual neurons, circuits and overall architectures creates desirable computations, affects how  todayГs conventional computers, and thus the focus leads to neuromorphic computation [8]. Silicon  Applied Computational Intelligence and Soft Computing},
 author = {Abbas, S Syed Ameer and Muthulakshmi, C},
 booktitle = {2014 International Conference on Communication and Network Technologies},
 organization = {IEEE},
 pages = {233--237},
 pub_year = {2014},
 title = {Neuromorphic implementation of adaptive exponential integrate and fire neuron},
 venue = {2014 International Conference …}
}



@article{kriegeskorte2015deep,
 abstract = {For connections driving the preceding layers, an efficient way to compute the error derivatives is to  Each time point of the recurrent computation corresponds to a layer of the  with two graphics processing units (GPUs), which parallelize and greatly accelerate the computations},
 author = {Kriegeskorte, Nikolaus},
 journal = {Annual review of vision science},
 pages = {417--446},
 pub_year = {2015},
 publisher = {Annual Reviews},
 title = {Deep neural networks: a new framework for modeling biological vision and brain information processing},
 venue = {Annual review of vision science},
 volume = {1}
}



@article{linsker1990perceptual,
 abstract = {a suitably constructed rule (Oja 1982) produces a cell that performs a standard computation in statistical  [For examples of how the computations performed by  Attneave's recognition that encoding for redundancy reduction is related to the identification of specific features such as},
 author = {Linsker, Ralph},
 journal = {Annual review of Neuroscience},
 number = {1},
 pages = {257--281},
 pub_year = {1990},
 title = {Perceptual neural organization: some approaches based on network models and information theory},
 venue = {Annual review of Neuroscience},
 volume = {13}
}



@book{marks2008cellular,
 abstract = {We are particularly indebted to Ingrid Hofmann, Peter Krammer, Frank Rösl (all, German Cancer Research  What is the data-processing equipment of a single cell or, so to speak, the “brain  Meaningful data processing requires these switches to interact as directed by the laws of},
 author = {Marks, Friedrich and Klingm{\`U}ller, Ursula and M{\"u}ller-Decker, Karin},
 pub_year = {2008},
 publisher = {Garland Science},
 title = {Cellular signal processing: an introduction to the molecular mechanisms of signal transduction},
 venue = {NA}
}



@article{peruvs2001multi,
 abstract = {for neural network mod- els, which were realized by computer simulations or were implemented in hardware, is artificial  Specifically, if the sum of signal con- tributions that a neuron receives from (all) others exceeds a  164 M. Peruš: Multi-level Synergetic Computation in Brain},
 author = {Peru{\v{s}}, Mitja},
 journal = {Nonlinear Phenomena in Complex Systems},
 number = {2},
 pages = {157--193},
 pub_year = {2001},
 publisher = {Citeseer},
 title = {Multi-level synergetic computation in brain},
 venue = {Nonlinear Phenomena in Complex Systems},
 volume = {4}
}



@article{langille2020locating,
 abstract = {JavaScript is disabled on your browser. Please enable JavaScript to use all the features on this page  Highlights. • New research calls into question the role of synapse change in memory. • Neural activity may be sufficient for memory but normally requires synapse change. •},
 author = {Langille, Jesse J and Gallistel, Charles R},
 journal = {Neurobiology of Learning and Memory},
 pages = {107164},
 pub_year = {2020},
 publisher = {Elsevier},
 title = {Locating the engram: Should we look for plastic synapses or information-storing molecules?},
 venue = {Neurobiology of Learning and Memory},
 volume = {169}
}



@inproceedings{bernroider2010indications,
 abstract = {The calculation capacity of brains can be estimated by calculating the number of signaling  can be equated with primitive silicon based machine operations the calculation capacities of  According to the scheme for biological quantum computation as suggested previously by one},
 author = {Bernroider, Gustav and Baer, Wolfgang},
 booktitle = {Quantum Information and Computation VIII},
 organization = {International Society for Optics and Photonics},
 pages = {77020R},
 pub_year = {2010},
 title = {Indications for quantum computation requirements from comparative brain analysis},
 venue = {Quantum Information and Computation …},
 volume = {7702}
}



@article{chua2003nonlinear,
 abstract = {Not all molecular and nanodevices are useful from an information technology perspective. Such devices are said to be inept in a precise technical sense that can be easily tested from an explicit mathematical criteria to be presented in this two-part tutorial review. Often an},
 author = {Chua, Leon O},
 journal = {Proceedings of the IEEE},
 number = {11},
 pages = {1830--1859},
 pub_year = {2003},
 publisher = {IEEE},
 title = {Nonlinear circuit foundations for nanodevices. I. The four-element torus},
 venue = {Proceedings of the IEEE},
 volume = {91}
}



@article{kavehei2010fourth,
 abstract = {Furthermore, inclusion of molecular electronics and computing as an alternative to complementary metal–oxide  in Delgado (2009), (viii) the number of required MRs to compute a function  the pinched hysteresis loop is shrunk by increasing the excitation frequency (Chua & Kang},
 author = {Kavehei, Omid and Iqbal, Azhar and Kim, YS and Eshraghian, Kamran and Al-Sarawi, SF and Abbott, Derek},
 journal = {Proceedings of the Royal Society A: Mathematical, Physical and Engineering Sciences},
 number = {2120},
 pages = {2175--2202},
 pub_year = {2010},
 publisher = {The Royal Society Publishing},
 title = {The fourth element: characteristics, modelling and electromagnetic theory of the memristor},
 venue = {… of the Royal …},
 volume = {466}
}



@article{chua1984nonlinear,
 abstract = {This tutorial paper presents a sample of some interesting and practical results from three fundamental areas in nonlinear circuit theory; namely, nonlinear circuit analysis, nonlinear circuit synthesis, and nonlinear device modeling. The first area covers both resistive and},
 author = {Chua, L},
 journal = {IEEE Transactions on Circuits and Systems},
 number = {1},
 pages = {69--87},
 pub_year = {1984},
 publisher = {IEEE},
 title = {Nonlinear circuits},
 venue = {IEEE Transactions on Circuits and Systems},
 volume = {31}
}



@phdthesis{kavehei2012memristive,
 abstract = {15 2.2.1 Memristive devices within Chua's periodic table  Low power modulo 2n + 1 adder based on carry save diminished-one number system, American  Memristor-based synaptic networks and logical operations using in-situ computing, International Conference Series on},
 author = {Kavehei, Omid},
 pub_year = {2012},
 title = {Memristive devices and circuits for computing, memory, and neuromorphic applications.},
 venue = {NA}
}



@article{pu2016measurement,
 abstract = {fractional-order circuit element, which is a core component for the hardware implementation of  The numerical computation of the Grünwald-Letnikov defined fractional calculus only requires the discrete  All Chua's axiomatic elements have the element independence property},
 author = {Pu, Yi-Fei},
 journal = {IEEE Access},
 pages = {3379--3397},
 pub_year = {2016},
 publisher = {IEEE},
 title = {Measurement units and physical dimensions of fractance-part I: Position of purely ideal fractor in Chua’s axiomatic circuit element system and fractional-order reactance of fractor in its natural implementation},
 venue = {IEEE Access},
 volume = {4}
}



@article{wang2019varphi,
 abstract = {In this work, we invented the Φ memristor to exhibit the direct flux-charge interaction, in which a wire carrying a controlled amount of current is strung through a magnetic core, and, simultaneously, sensing the possibly induced voltage by the switched flux. This work},
 author = {Wang, Frank Z and Li, Ling and Shi, Luping and Wu, Huaqiang and Chua, Leon O},
 journal = {Journal of Applied Physics},
 number = {5},
 pages = {054504},
 pub_year = {2019},
 publisher = {AIP Publishing LLC},
 title = {$\Phi$ memristor: Real memristor found},
 venue = {Journal of Applied Physics},
 volume = {125}
}



@article{ielmini2018memory,
 abstract = {to radically subvert the von Neumann architecture by carrying out calculations in situ  networks of neurons and synapses, without any physical separation between computation and memory 16  requires computational memory devices that can both store data and compute at the},
 author = {Ielmini, Daniele and Wong, H-S Philip},
 journal = {Nature Electronics},
 number = {6},
 pages = {333--343},
 pub_year = {2018},
 publisher = {Nature Publishing Group},
 title = {In-memory computing with resistive switching devices},
 venue = {Nature Electronics},
 volume = {1}
}



@article{xia2019memristive,
 abstract = {magnitude higher speed–energy efficiency when compared with traditional CMOS hardware platforms 14  using one-transistor-one-resistance switch (1T1R) arrays for analogue computing and multilayer neural networks, and passive arrays for computation purposes},
 author = {Xia, Qiangfei and Yang, J Joshua},
 journal = {Nature materials},
 number = {4},
 pages = {309--323},
 pub_year = {2019},
 publisher = {Nature Publishing Group},
 title = {Memristive crossbar arrays for brain-inspired computing},
 venue = {Nature materials},
 volume = {18}
}



@article{grollier2016spintronic,
 abstract = {In con- trast to more conventional programs on computers, neu- ral networks are not good at precise calculations  Nevertheless computations in the brain are reliable [76]  for computation [78], one can use the dynamics of spin-transfer torque switch- ing physics for computation},
 author = {Grollier, Julie and Querlioz, Damien and Stiles, Mark D},
 journal = {Proceedings of the IEEE},
 number = {10},
 pages = {2024--2039},
 pub_year = {2016},
 publisher = {IEEE},
 title = {Spintronic nanodevices for bioinspired computing},
 venue = {Proceedings of the IEEE},
 volume = {104}
}



@article{van2018organic,
 abstract = {large-scale biological neural networks, as well as in event-driven computing 5 . In  there has been a significant amount of research into facilitating parallel computation, such as  Nevertheless, for efficient operation of hardware-based neural networks, several metrics are desired},
 author = {van De Burgt, Yoeri and Melianas, Armantas and Keene, Scott Tom and Malliaras, George and Salleo, Alberto},
 journal = {Nature Electronics},
 number = {7},
 pages = {386--397},
 pub_year = {2018},
 publisher = {Nature Publishing Group},
 title = {Organic electronics for neuromorphic computing},
 venue = {Nature …},
 volume = {1}
}



@article{sharbati2018low,
 abstract = {Unlike modern computers that use digital “0” and “1” states for computation, neural networks in  connected logic and memory network, enabling a new paradigm in computing architectures and  an extremely large number of nonvolatile states are available for computations in our},
 author = {Sharbati, Mohammad Taghi and Du, Yanhao and Torres, Jorge and Ardolino, Nolan D and Yun, Minhee and Xiong, Feng},
 journal = {Advanced Materials},
 number = {36},
 pages = {1802353},
 pub_year = {2018},
 publisher = {Wiley Online Library},
 title = {Low-Power, Electrochemically Tunable Graphene Synapses for Neuromorphic Computing},
 venue = {Advanced …},
 volume = {30}
}



@article{upadhyay2019emerging,
 abstract = {Instead of being compute‐centric, we should transgress to a data‐centric paradigm  All panels reproduced with permission.30 Copyright 2018, Springer Nature. 3 Diffusive Memristor. The hardware implementation of neuromorphic computing calls for emerging devices with},
 author = {Upadhyay, Navnidhi K and Jiang, Hao and Wang, Zhongrui and Asapu, Shiva and Xia, Qiangfei and Joshua Yang, J},
 journal = {Advanced Materials Technologies},
 number = {4},
 pages = {1800589},
 pub_year = {2019},
 publisher = {Wiley Online Library},
 title = {Emerging memory devices for neuromorphic computing},
 venue = {Advanced Materials …},
 volume = {4}
}



@article{misra2010artificial,
 abstract = {JavaScript is disabled on your browser. Please enable JavaScript to use all the features on this page. Skip to main content Skip to article},
 author = {Misra, Janardan and Saha, Indranil},
 journal = {Neurocomputing},
 number = {1-3},
 pages = {239--255},
 pub_year = {2010},
 publisher = {Elsevier},
 title = {Artificial neural networks in hardware: A survey of two decades of progress},
 venue = {Neurocomputing},
 volume = {74}
}



@book{dijkstra2012selected,
 abstract = {Bugs, and Aristotle This is the type of comments on the computing community that  42–55) and EWD687a “Termination detection for diffusing computations” by Edsger W. Dijkstra and  xvii EWD648 “Why Is Software So Expensive?” An Explanation to the Hardware Designer The},
 author = {Dijkstra, Edsger W},
 pub_year = {2012},
 publisher = {Springer Science \& Business Media},
 title = {Selected writings on computing: a personal perspective},
 venue = {NA}
}



@article{horsman2014does,
 abstract = {We can all agree that a laptop running a Matlab calculation and a server processing search  This then forms the basis for a formal framework in which we define physical computation  these to the specific system model m p to predict its evolution entails calculating the evolution},
 author = {Horsman, Clare and Stepney, Susan and Wagner, Rob C and Kendon, Viv},
 journal = {Proceedings of the Royal Society A: Mathematical, Physical and Engineering Sciences},
 number = {2169},
 pages = {20140182},
 pub_year = {2014},
 publisher = {The Royal Society Publishing},
 title = {When does a physical system compute?},
 venue = {… , Physical and …},
 volume = {470}
}



@article{biswas2017nasa,
 abstract = {with adiabatic quantum computation which is known to support universal quantum computing  While adiabatic quantum computation also interpolates between an initial and final Hamiltonian, the  cost function, thus enabling much more general sorts of quantum computations},
 author = {Biswas, Rupak and Jiang, Zhang and Kechezhi, Kostya and Knysh, Sergey and Mandra, Salvatore and O’Gorman, Bryan and Perdomo-Ortiz, Alejandro and Petukhov, Andre and Realpe-G{\'o}mez, John and Rieffel, Eleanor and others},
 journal = {Parallel Computing},
 pages = {81--98},
 pub_year = {2017},
 publisher = {Elsevier},
 title = {A NASA perspective on quantum computing: Opportunities and challenges},
 venue = {Parallel Computing},
 volume = {64}
}



@article{giles2014trends,
 abstract = {Trends in high-performance computing for engineering calculations  although this comment depends on whether the execution time is dominated by the computation or the  and Liszt [30] for general unstructured grid computations, and FEniCS for finite-element computations [31]},
 author = {Giles, MB and Reguly, I},
 journal = {Philosophical Transactions of the Royal Society A: Mathematical, Physical and Engineering Sciences},
 number = {2022},
 pages = {20130319},
 pub_year = {2014},
 publisher = {The Royal Society Publishing},
 title = {Trends in high-performance computing for engineering calculations},
 venue = {… Society A: Mathematical, Physical …},
 volume = {372}
}



@article{strukov2019building,
 abstract = {idea has started out at Caltech in the mid 90s with the Computation and Neural  to power all the nanodevices and control them well enough to make them compute together  its computing principles by building sub- modules, or to build radically different computing platforms) there},
 author = {Strukov, Dmitri and Indiveri, Giacomo and Grollier, Julie and Fusi, Stefano},
 journal = {Nature Communications},
 number = {1},
 pub_year = {2019},
 publisher = {Springer Science and Business Media LLC},
 title = {Building brain-inspired computing},
 venue = {Nature …},
 volume = {10}
}



@article{zidan2018future,
 abstract = {leading to a series of recent demonstrations of memristor-based neuromorphic hardware systems  Here, we evaluate the state of the art in memristor-based electronics and  on-chip memory and storage, biologically inspired computing and general-purpose in-memory computing},
 author = {Zidan, Mohammed A and Strachan, John Paul and Lu, Wei D},
 journal = {Nature Electronics},
 number = {1},
 pages = {22--29},
 pub_year = {2018},
 publisher = {Nature Publishing Group},
 title = {The future of electronics based on memristive systems},
 venue = {Nature Electronics},
 volume = {1}
}



@article{ielmini2018memory,
 abstract = {to radically subvert the von Neumann architecture by carrying out calculations in situ  networks of neurons and synapses, without any physical separation between computation and memory 16  requires computational memory devices that can both store data and compute at the},
 author = {Ielmini, Daniele and Wong, H-S Philip},
 journal = {Nature Electronics},
 number = {6},
 pages = {333--343},
 pub_year = {2018},
 publisher = {Nature Publishing Group},
 title = {In-memory computing with resistive switching devices},
 venue = {Nature Electronics},
 volume = {1}
}



@article{schuman2017survey,
 abstract = {bottleneck [2]. Neuromorphic computers have the potential to perform complex calculations faster, more  Similarly, creating devices capable of neural network-style computations with a small footprint  This complexity in computation can lead to complexity in hardware, resulting in},
 author = {Schuman, Catherine D and Potok, Thomas E and Patton, Robert M and Birdwell, J Douglas and Dean, Mark E and Rose, Garrett S and Plank, James S},
 journal = {arXiv preprint arXiv:1705.06963},
 pub_year = {2017},
 title = {A survey of neuromorphic computing and neural networks in hardware},
 venue = {arXiv preprint arXiv …}
}



@article{jeong2016memristors,
 abstract = {words, if a certain level of “error” is allowed, the calculation efficiency must  is composed of several sub‐sections that describe generalities of neuromorphic computation based on  only for conventional nonvolatile memory applications but also for new computing paradigms that},
 author = {Jeong, Doo Seok and Kim, Kyung Min and Kim, Sungho and Choi, Byung Joon and Hwang, Cheol Seong},
 journal = {Advanced Electronic Materials},
 number = {9},
 pages = {1600090},
 pub_year = {2016},
 publisher = {Wiley Online Library},
 title = {Memristors for energy-efficient new computing paradigms},
 venue = {Advanced Electronic …},
 volume = {2}
}



@article{li2018review,
 abstract = {The latter is mainly contributed by the crossbar wire resistance which consumes the input voltages and thus cause computation inaccurate  Since 2008, there have been many attempts to implement memristor based hardware neuromorphic computing, by using},
 author = {Li, Yibo and Wang, Zhongrui and Midya, Rivu and Xia, Qiangfei and Yang, J Joshua},
 journal = {Journal of Physics D: Applied Physics},
 number = {50},
 pages = {503002},
 pub_year = {2018},
 publisher = {IOP Publishing},
 title = {Review of memristor devices in neuromorphic computing: materials sciences and device challenges},
 venue = {Journal of Physics D …},
 volume = {51}
}



@article{wang2018learning,
 abstract = {and information efficiency of neuromorphic hardware, thus accelerating the progress toward human-like cognitive computing  1 Illustrative scheme of biological and hardware neural networks  of current spikes received by the POST, where later spikes have larger amplitudes},
 author = {Wang, Wei and Pedretti, Giacomo and Milo, Valerio and Carboni, Roberto and Calderoni, Alessandro and Ramaswamy, Nirmal and Spinelli, Alessandro S and Ielmini, Daniele},
 journal = {Science advances},
 number = {9},
 pages = {eaat4752},
 pub_year = {2018},
 publisher = {American Association for the Advancement of Science},
 title = {Learning of spatiotemporal patterns in a spiking neural network with resistive switching synapses},
 venue = {Science …},
 volume = {4}
}



@article{upadhyay2019emerging,
 abstract = {Instead of being compute‐centric, we should transgress to a data‐centric paradigm  All panels reproduced with permission.30 Copyright 2018, Springer Nature. 3 Diffusive Memristor. The hardware implementation of neuromorphic computing calls for emerging devices with},
 author = {Upadhyay, Navnidhi K and Jiang, Hao and Wang, Zhongrui and Asapu, Shiva and Xia, Qiangfei and Joshua Yang, J},
 journal = {Advanced Materials Technologies},
 number = {4},
 pages = {1800589},
 pub_year = {2019},
 publisher = {Wiley Online Library},
 title = {Emerging memory devices for neuromorphic computing},
 venue = {Advanced Materials …},
 volume = {4}
}



@article{han2019recent,
 abstract = {Synapses also perform computing and memory concurrently; this ability has the advantages of  in the synaptic connection.9, 10 STP supports computations, whereas LTP  Two‐terminal synaptic devices, especially memristive synapses, have recently shown unique advantages},
 author = {Han, Hong and Yu, Haiyang and Wei, Huanhuan and Gong, Jiangdong and Xu, Wentao},
 journal = {Small},
 number = {32},
 pages = {1900695},
 pub_year = {2019},
 publisher = {Wiley Online Library},
 title = {Recent Progress in Three-Terminal Artificial Synapses: From Device to System},
 venue = {Small},
 volume = {15}
}



@article{sangwan2020neuromorphic,
 abstract = {Memristive and nanoionic devices have recently emerged as leading candidates for neuromorphic computing  networks (ANNs) as a result of increased computational power, availability  they are typically realized using conventional von Neumann computing architectures where},
 author = {Sangwan, Vinod K and Hersam, Mark C},
 journal = {Nature nanotechnology},
 pages = {1--12},
 pub_year = {2020},
 publisher = {Nature Publishing Group},
 title = {Neuromorphic nanoelectronic materials},
 venue = {Nature nanotechnology}
}



@article{rajan2018wearable,
 abstract = {in an extremely synthetic and logic reasoning [9]: (1) a brain-inspired computing system should  directly threads that show the functionality of a memory or a computation element (or  Wearable electronic devices have seen great development in recent years and will be perhaps},
 author = {Rajan, Krishna and Garofalo, Erik and Chiolerio, Alessandro},
 journal = {Sensors},
 number = {2},
 pages = {367},
 pub_year = {2018},
 publisher = {Multidisciplinary Digital Publishing Institute},
 title = {Wearable intrinsically soft, stretchable, flexible devices for memories and computing},
 venue = {Sensors},
 volume = {18}
}



@article{milo2020memristive,
 abstract = {the memory bottleneck requires a paradigm shift in architecture, where computation is executed in  The origin of neuromorphic computing can be traced back to 1949, when  31], have evidenced attractive features for the implementation of neuromorphic hardware, including non},
 author = {Milo, Valerio and Malavena, Gerardo and Monzio Compagnoni, Christian and Ielmini, Daniele},
 journal = {Materials},
 number = {1},
 pages = {166},
 pub_year = {2020},
 publisher = {Multidisciplinary Digital Publishing Institute},
 title = {Memristive and CMOS devices for neuromorphic computing},
 venue = {Materials},
 volume = {13}
}



@article{zhu2020lithium,
 abstract = {The search for alternatives to traditional Li-ion batteries has sparked interest in the chemistry and manufacturing of solid-state Li-ion conductors. Li-ion conductors are traditionally processed as millimetre-sized pellets using conventional ceramic-processing routes. However, in thin},
 author = {Zhu, Yuntong and Gonzalez-Rosillo, Juan Carlos and Balaish, Moran and Hood, Zachary D and Kim, Kun Joong and Rupp, Jennifer LM},
 journal = {Nature Reviews Materials},
 pages = {1--19},
 pub_year = {2020},
 publisher = {Nature Publishing Group},
 title = {Lithium-film ceramics for solid-state lithionic devices},
 venue = {Nature Reviews …}
}



@article{patil2008issue,
 abstract = {However, no breakthrough has been made before the early 1990s though there were a lot of  The performance of these devices depends intimately on the properties of their materials  Innovative materials chemistry lies at the heart of the advances that have already been made in},
 author = {Patil, Arun and Patil, Vaishali and Shin, Dong Wook and Choi, Ji-Won and Paik, Dong-Soo and Yoon, Seok-Jin},
 journal = {Materials research bulletin},
 number = {8-9},
 pages = {1913--1942},
 pub_year = {2008},
 publisher = {Elsevier},
 title = {Issue and challenges facing rechargeable thin film lithium batteries},
 venue = {Materials research …},
 volume = {43}
}



@article{he2016molybdenum,
 abstract = {JavaScript is disabled on your browser. Please enable JavaScript to use all the features on this page. Skip to main content Skip to article},
 author = {He, Zuoli and Que, Wenxiu},
 journal = {Applied Materials Today},
 pages = {23--56},
 pub_year = {2016},
 publisher = {Elsevier},
 title = {Molybdenum disulfide nanomaterials: Structures, properties, synthesis and recent progress on hydrogen evolution reaction},
 venue = {Applied Materials Today},
 volume = {3}
}



@article{sangwan2020neuromorphic,
 abstract = {der Waals heterojunctions with a particular emphasis on bio-inspired device responses that  artificial neural networks (ANNs) as a result of increased computational power, availability of  they are typically realized using conventional von Neumann computing architectures where},
 author = {Sangwan, Vinod K and Hersam, Mark C},
 journal = {Nature nanotechnology},
 pages = {1--12},
 pub_year = {2020},
 publisher = {Nature Publishing Group},
 title = {Neuromorphic nanoelectronic materials},
 venue = {Nature nanotechnology}
}



@article{zhan2019computational,
 abstract = {De-en Jiang. http://orcid.org/0000-0001-5167-0731. , and; Paul RC Kent* Paul RC Kent. Center for Nanophase Materials Sciences, Computational Sciences and  The Altmetric Attention Score is a quantitative measure of the attention that a research article has received online},
 author = {Zhan, Cheng and Sun, Weiwei and Xie, Yu and Jiang, De-en and Kent, Paul RC},
 journal = {ACS applied materials \& interfaces},
 number = {28},
 pages = {24885--24905},
 pub_year = {2019},
 publisher = {ACS Publications},
 title = {Computational discovery and design of MXenes for energy applications: Status, successes, and opportunities},
 venue = {ACS applied materials & …},
 volume = {11}
}



@article{bao2019dual,
 abstract = {Dual-Gated MoS 2 Neuristor for Neuromorphic Computing  Find more information about Crossref citation counts. The Altmetric Attention Score is a quantitative measure of the attention that a research article has received online},
 author = {Bao, Lin and Zhu, Jiadi and Yu, Zhizhen and Jia, Rundong and Cai, Qifeng and Wang, Zongwei and Xu, Liying and Wu, Yanqing and Yang, Yuchao and Cai, Yimao and others},
 journal = {ACS applied materials \& interfaces},
 number = {44},
 pages = {41482--41489},
 pub_year = {2019},
 publisher = {ACS Publications},
 title = {Dual-Gated MoS2 Neuristor for Neuromorphic Computing},
 venue = {… applied materials & …},
 volume = {11}
}



@article{gaviria2020chirality,
 abstract = {their ultrathin nature, SWCNT-based devices enable flexible computing applications with  SWCNT analog and digital electronics must demonstrate simultaneous computational complexity and  other impor- tant functional components have been demonstrated, such as radiation},
 author = {Gaviria Rojas, William A and Hersam, Mark C},
 journal = {Advanced Materials},
 pages = {1905654},
 pub_year = {2020},
 publisher = {Wiley Online Library},
 title = {Chirality-Enriched Carbon Nanotubes for Next-Generation Computing},
 venue = {Advanced Materials}
}



@article{slotnick2014cfd,
 abstract = {NSF) and Department of Energy (DOE) have led investing in computational science-based  on mature algorithms and ridden the wave of ever-decreasing commodity computer hardware costs, the  vast amounts of information generated, and the ability to computationally steer the},
 author = {Slotnick, Jeffrey and Khodadoust, Abdollah and Alonso, Juan and Darmofal, David and Gropp, William and Lurie, Elizabeth and Mavriplis, Dimitri},
 pub_year = {2014},
 title = {CFD vision 2030 study: a path to revolutionary computational aerosciences},
 venue = {NA}
}



@article{hartson1989human,
 abstract = {the possibilities of this amazing machine are limited not by its power to compute, but rather by  and other end-user-oriented modeling involve the entire system's behavior, both dialogue and computation  use PI% for HELP; use “H” for HELP while in the Desk Calculator; use the},
 author = {Hartson, H Rex and Hix, Deborah},
 journal = {ACM Computing Surveys (CSUR)},
 number = {1},
 pages = {5--92},
 pub_year = {1989},
 publisher = {ACM New York, NY, USA},
 title = {Human-computer interface development: concepts and systems for its management},
 venue = {ACM Computing Surveys (CSUR)},
 volume = {21}
}



@incollection{cioffi2017computation,
 abstract = {Python can be used as a simple calculator for exploring, analyzing, and learning  When the calculations are more complex, when instructions need to be executed several  being added to facilitate improvements in effectiveness of representation and efficiency of computation},
 author = {Cioffi-Revilla, Claudio},
 booktitle = {Introduction to computational social science},
 pages = {35--102},
 pub_year = {2017},
 publisher = {Springer},
 title = {Computation and social science},
 venue = {Introduction to computational social science}
}



@article{cohen2007real,
 abstract = {both innate and adaptive immune receptors and effectors, functions to compute the state of  A remarkable feature of immune computation is that the molecular and cellular output is  2). This feedback highlights a fundamental difference between the computations performed by the},
 author = {Cohen, Irun R},
 journal = {Nature Reviews Immunology},
 number = {7},
 pages = {569--574},
 pub_year = {2007},
 publisher = {Nature Publishing Group},
 title = {Real and artificial immune systems: computing the state of the body},
 venue = {Nature Reviews Immunology},
 volume = {7}
}



@incollection{dodig2011dialogue,
 abstract = {a futile symbolic result, while extended and sophisticated symbolic computations sometimes result  in that they are universal; they can, in principle, compute any algorithm  However, this approach based on the understanding of computation as symbol manipulation performed by},
 author = {Dodig-Crnkovic, Gordana and M{\"u}ller, Vincent C},
 booktitle = {Information and computation: Essays on scientific and philosophical understanding of foundations of information and computation},
 pages = {149--184},
 pub_year = {2011},
 publisher = {World Scientific},
 title = {A dialogue concerning two world systems: info-computational vs. mechanistic},
 venue = {… understanding of foundations of …}
}



@article{he2016security,
 abstract = {is exacerbated by the fact that legitimate ICS is typically older equipment and isn't  To achieve the success of smart manufacturing, Evolutionary Computation and other Com  for business intelligence in Industry IoT or Cloud Manufacturing, and Computational Intelligence provides},
 author = {He, Hongmei and Maple, Carsten and Watson, Tim and Tiwari, Ashutosh and Mehnen, J{\"o}rn and Jin, Yaochu and Gabrys, Bogdan},
 pub_year = {2016},
 title = {The security challenges in the IoT enabled cyber-physical systems and opportunities for evolutionary computing \& other computational intelligence},
 venue = {NA}
}



@article{hashem2015rise,
 abstract = {combining the cloud computing utility model and a rich set of computations, infrastructures, and  Therefore, cloud computing not only provides facilities for the computation and processing of big  running on Amazon Simple Storage Service and Amazon Elastic Compute Cloud to},
 author = {Hashem, Ibrahim Abaker Targio and Yaqoob, Ibrar and Anuar, Nor Badrul and Mokhtar, Salimah and Gani, Abdullah and Khan, Samee Ullah},
 journal = {Information systems},
 pages = {98--115},
 pub_year = {2015},
 publisher = {Elsevier},
 title = {The rise of “big data” on cloud computing: Review and open research issues},
 venue = {Information systems},
 volume = {47}
}



@article{mao2017survey,
 abstract = {Second, due to either software or hardware constraints, some  The MEC servers are small-scale data cen- ters deployed by the Cloud Computing/telecom operators, which can  through backhaul links, which could help the MEC server to further offload some computation tasks to},
 author = {Mao, Yuyi and You, Changsheng and Zhang, Jun and Huang, Kaibin and Letaief, Khaled B},
 journal = {IEEE Communications Surveys \& Tutorials},
 number = {4},
 pages = {2322--2358},
 pub_year = {2017},
 publisher = {IEEE},
 title = {A survey on mobile edge computing: The communication perspective},
 venue = {… Surveys & Tutorials},
 volume = {19}
}



@book{hauck2010reconfigurable,
 abstract = {Library of Congress Cataloging-in-Publication Data Reconfigurable computing: the theory and practice of FPGA-based computation/edited by  106 5.1.8 Other Compute Models  202 9 Stream Computations Organized for Reconfigurable Execution 203 9.1 Programming},
 author = {Hauck, Scott and DeHon, Andre},
 pub_year = {2010},
 publisher = {Elsevier},
 title = {Reconfigurable computing: the theory and practice of FPGA-based computation},
 venue = {NA}
}



@book{marinescu2017cloud,
 abstract = {the cloud in some fashion, whether it is for highly-sophisticated calculations for science  Chapter 10 covers resource virtualization including performance and security isolation, hardware sup- port for  recent research results in sev- eral areas related to cloud computing, others are},
 author = {Marinescu, Dan C},
 pub_year = {2017},
 publisher = {Morgan Kaufmann},
 title = {Cloud computing: theory and practice},
 venue = {NA}
}



@article{morabito2018consolidate,
 abstract = {by opportunistically scheduling the running applications according to the OBU available hardware resources and  Edge computing offers resources close to the crowdsensing entities, which can offload  LV allows part of the required mathematical computation to be offloaded onto},
 author = {Morabito, Roberto and Cozzolino, Vittorio and Ding, Aaron Yi and Beijar, Nicklas and Ott, Jorg},
 journal = {IEEE Network},
 number = {1},
 pages = {102--111},
 pub_year = {2018},
 publisher = {IEEE},
 title = {Consolidate IoT edge computing with lightweight virtualization},
 venue = {IEEE Network},
 volume = {32}
}



@article{chong2017programming,
 abstract = {QC hardware performs computations based on manipulating 'state' associated with quantum bits or  are communicated from various storage areas to the microprocessor to perform calculations  For example, many aspects of classical compilation require computation or memory},
 author = {Chong, Frederic T and Franklin, Diana and Martonosi, Margaret},
 journal = {Nature},
 number = {7671},
 pages = {180--187},
 pub_year = {2017},
 publisher = {Nature Publishing Group},
 title = {Programming languages and compiler design for realistic quantum hardware},
 venue = {Nature},
 volume = {549}
}



@inproceedings{owens2007survey,
 abstract = {masked” with az‐value of zero so that all fluid simulation computations will be  expected to both enhance current GPGPU applications (particularly in memory address calculations) as well  As a simple example, initiating a GPGPU computation usually involves drawing a primitive},
 author = {Owens, John D and Luebke, David and Govindaraju, Naga and Harris, Mark and Kr{\"u}ger, Jens and Lefohn, Aaron E and Purcell, Timothy J},
 booktitle = {Computer graphics forum},
 number = {1},
 organization = {Wiley Online Library},
 pages = {80--113},
 pub_year = {2007},
 title = {A survey of general-purpose computation on graphics hardware},
 venue = {Computer graphics …},
 volume = {26}
}



@article{hilbert2011world,
 abstract = {a result, the theoretical, methodological, and statistical bases for our estimates for computation are less  The calculator laid the cornerstone for modern microprocessors and was still the dominant way to  Our inventory of application-specific computations is the least complete one},
 author = {Hilbert, Martin and L{\'o}pez, Priscila},
 journal = {science},
 number = {6025},
 pages = {60--65},
 pub_year = {2011},
 publisher = {American Association for the Advancement of Science},
 title = {The world’s technological capacity to store, communicate, and compute information},
 venue = {science},
 volume = {332}
}



@article{cottingham1993faster,
 abstract = {with computer science techniques, to effectively restructure the time-consuming computations in genetic  to the sequential implementation of the central, time-consuming, probability calculations in LINKAGE  version of precisely this substitution to speed up the computation of how},
 author = {Cottingham Jr, Robert W and Idury, Ramana M and Sch{\"a}ffer, Alejandro A},
 journal = {American journal of human genetics},
 number = {1},
 pages = {252},
 pub_year = {1993},
 publisher = {Elsevier},
 title = {Faster sequential genetic linkage computations.},
 venue = {American journal of …},
 volume = {53}
}



@article{lin1987imprecise,
 abstract = {processed in the second variable (Le. x), the handler can compute the expected result for the  procedure also associates a handler to the RPC, so that if the computation terminates  to take advantage of the possibilities for returning imprecise results from partial computations},
 author = {Lin, Kwei-Jay and Natarajan, Swaminathan and Liu, Jane W-S},
 pub_year = {1987},
 title = {Imprecise results: Utilizing partial computations in real-time systems},
 venue = {NA}
}



@book{finn2017algorithms,
 abstract = {He argues that the algorithm, a lens for the notion of “effective calculation,” has done  that Turing and fellow mathemati- cian Emil Post's visions of universal calculating machines are  We see this faith in computation invoked repeatedly at the intersection of algorithms and cul- ture},
 author = {Finn, Ed},
 pub_year = {2017},
 publisher = {MIT Press},
 title = {What algorithms want: Imagination in the age of computing},
 venue = {NA}
}



@article{yap1997towards,
 abstract = {computer algebra have little use for fixed-precision arithmetic--a floating-point calculation usually cannot  Since the robot may rotate, we might generally expect that the calculations would involve  the sign of a determinant, not its value, some low precision computation may suffice},
 author = {Yap, Chee-Keng},
 journal = {Computational Geometry},
 number = {1-2},
 pages = {3--23},
 pub_year = {1997},
 publisher = {Elsevier},
 title = {Towards exact geometric computation},
 venue = {Computational Geometry},
 volume = {7}
}



@article{taylor2002raw,
 abstract = {Application domains The Raw microprocessor runs computations that form a superset of those run on  limit on the number of simultaneous communication patterns sup- ported in a computation. In this manner, the communication and compute operations are treated with equal},
 author = {Taylor, Michael Bedford and Kim, Jason and Miller, Jason and Wentzlaff, David and Ghodrat, Fae and Greenwald, Ben and Hoffman, Henry and Johnson, Paul and Lee, Jae-Wook and Lee, Walter and others},
 journal = {IEEE micro},
 number = {2},
 pages = {25--35},
 pub_year = {2002},
 publisher = {IEEE},
 title = {The raw microprocessor: A computational fabric for software circuits and general-purpose programs},
 venue = {IEEE micro},
 volume = {22}
}



@misc{chandra1989software,
 abstract = {G—PHYSICS; G06—COMPUTING; CALCULATING; COUNTING; G06F—ELECTRIC DIGITAL DATA PROCESSING; G06F2221/00  computer and the floppy disk by the addition of a hardware component which  of the complete address and register space of the computing system to},
 author = {Chandra, Ashileshwari N and Comerford, Liam D and White, Steve R},
 month = {March~28},
 note = {US Patent 4,817,140},
 pub_year = {1989},
 publisher = {Google Patents},
 title = {Software protection system using a single-key cryptosystem, a hardware-based authorization system and a secure coprocessor},
 venue = {US Patent 4,817,140}
}



@misc{zalewski2003software,
 abstract = {Assignors: COMPAQ COMPUTER CORPORATION, DIGITAL EQUIPMENT CORPORATION 2003-04-01 Application granted granted Critical  238000005192 partition Methods 0 claims description 178; 238000004590 computer program Methods 0 claims description 20;},
 author = {Zalewski, Stephen H and Mason, Andrew H and Jordan, Gregory H and Noel, Karen L},
 month = {April~1},
 note = {US Patent 6,542,926},
 pub_year = {2003},
 publisher = {Google Patents},
 title = {Software partitioned multi-processor system with flexible resource sharing levels},
 venue = {US Patent 6,542,926}
}



@misc{kleinsorge2001dynamically,
 abstract = {Assignors: DIGITAL EQUIPMENT CORPORATION 2015-11-09 Assigned to HEWLETT PACKARD  09-01 Adjusted expiration legal-status Critical 2020-02-22 Application status is  238000004590 computer program Methods 0 description 1; 238000010276 construction Methods 0},
 author = {Kleinsorge, Frederick G and Shirron, Stephen F},
 month = {June~12},
 note = {US Patent 6,247,109},
 pub_year = {2001},
 publisher = {Google Patents},
 title = {Dynamically assigning CPUs to different partitions each having an operation system instance in a shared memory space},
 venue = {US Patent 6,247,109}
}



@incollection{pell2013maximum,
 abstract = {14. Fig. 14 Comparing use of star and cube stencils for cascading multiple timesteps in finite difference computations[3]. 7.2.2 Data Management  Open image in new window Fig. 15. Fig. 15 Partitioning computation and data for the wave propagation calculation},
 author = {Pell, Oliver and Mencer, Oskar and Tsoi, Kuen Hung and Luk, Wayne},
 booktitle = {High-performance computing using FPGAs},
 pages = {747--774},
 pub_year = {2013},
 publisher = {Springer},
 title = {Maximum performance computing with dataflow engines},
 venue = {High-performance computing using …}
}



@article{rodriguez2018fpga,
 abstract = {reconfigurable and static domains but also to perform a specific computation (addition, maximum, minimum  is a distributed dot product, where each accelerator computes a partial  and its lightweight control logic); on the other hand, certain computations can be performed without},
 author = {Rodr{\'\i}guez, Alfonso and Valverde, Juan and Portilla, Jorge and Otero, Andr{\'e}s and Riesgo, Teresa and De la Torre, Eduardo},
 journal = {Sensors},
 number = {6},
 pages = {1877},
 pub_year = {2018},
 publisher = {Multidisciplinary Digital Publishing Institute},
 title = {Fpga-based high-performance embedded systems for adaptive edge computing in cyber-physical systems: The artico3 framework},
 venue = {Sensors},
 volume = {18}
}



@book{flake1998computational,
 abstract = {227 IV Complex Systems 229 15 Cellular Automata 231 15.1 One-Dimensional CA 232 15.2 Wolfram's CA Classification  In this context, I believe that there is a captivating and interdisciplinary connection between computation, fractals, chaos  The Computational Beauty of Nature},
 author = {Flake, Gary William},
 pub_year = {1998},
 publisher = {MIT press},
 title = {The computational beauty of nature: Computer explorations of fractals, chaos, complex systems, and adaptation},
 venue = {NA}
}



@article{pitowsky1990physical,
 abstract = {Now suppose we can find such a family {SJ, for which the following two conditions hold: (i) Calculating the minimum energy of Sn: minWa, is an A^P-hard problem, that is, any known method for the calculation of minWa  (ii) Consider the following computation problem},
 author = {Pitowsky, Itamar},
 journal = {Iyyun: The Jerusalem Philosophical Quarterly/עיון: רבעון פילוסופי},
 pages = {81--99},
 pub_year = {1990},
 publisher = {JSTOR},
 title = {The physical Church thesis and physical computational complexity},
 venue = {Iyyun: The Jerusalem Philosophical Quarterly/עיון: רבעון …, 1990‎}
}



@incollection{dodig2011dialogue,
 abstract = {can give a futile symbolic result, while extended and sophisticated symbolic computations sometimes result  of digitally computable functions, no matter how long it might take to compute them  18 In the Turing model a computation must halt when execution of an algorithm has fin},
 author = {Dodig-Crnkovic, Gordana and M{\"u}ller, Vincent C},
 booktitle = {Information and computation: Essays on scientific and philosophical understanding of foundations of information and computation},
 pages = {149--184},
 pub_year = {2011},
 publisher = {World Scientific},
 title = {A dialogue concerning two world systems: info-computational vs. mechanistic},
 venue = {… of information and computation}
}



@book{dodig2013computing,
 abstract = {fuel creativity, even though they act as disturbance when performing lengthy mechanical calculations  machine.” Turing [10] The underlying logic of Turing's “logical calculating machine” is  com- putational devices communicate asynchronously and the entire computation is not},
 author = {Dodig-Crnkovic, Gordana and Giovagnoli, Raffaela},
 pub_year = {2013},
 publisher = {Springer},
 title = {Computing nature},
 venue = {NA}
}



@article{dodig2017nature,
 abstract = {Present day computers are very different from the early stand-alone calculating machines that  be- cause there are effective computations that cannot be performed by Turing Machines  then the computation necessarily appears on many different levels of organization in nature},
 author = {Dodig-Crnkovic, Gordana},
 journal = {The European Physical Journal Special Topics},
 number = {2},
 pages = {181--195},
 pub_year = {2017},
 publisher = {Springer},
 title = {Nature as a network of morphological infocomputational processes for cognitive agents},
 venue = {The European Physical Journal Special Topics},
 volume = {226}
}



@article{zenil2014nature,
 abstract = {In other words, a Turing universal computer has no problem with behaving as an electronic calculator without rewiring the universal computer  The calculation of a func- tion, however, seems to require a carrier  Page 15. What Is Nature-Like Computation? 413},
 author = {Zenil, Hector},
 journal = {Philosophy \& Technology},
 number = {3},
 pages = {399--421},
 pub_year = {2014},
 publisher = {Springer},
 title = {What is nature-like computation? A behavioural approach and a notion of programmability},
 venue = {Philosophy & Technology},
 volume = {27}
}



